3892 5342
494 404 549 488 42
747 374 1486 486 DEMoniishriatro

430 528 597 613 &loribus
622 523 821 606 exhibere.
847 521 972 603 Satius
999 521 1116 624 igitur
1142 522 1214 604 erit
1240 549 1283 633 ea
1309 524 1441 604 afferre
1463 579 1475 621 ‚
1501 547 1583 643 qua
1610 524 1656 605 de
1682 529 1778 609 cele·

431 629 589 713 bertimi
625 626 736 727 hujus
773 623 850 705 loci
887 624 1105 723 primordiis
1132 626 1244 707 tradit
1272 626 1472 707 Dandulus
1508 652 1551 708 iii
1577 628 1780 710 Chronico

431 730 622 815 lib.Vlli.
633 755 712 832 cap.
724 731 753 808 1.
767 752 840 830 par.
852 726 993 806 XXXI.
1020 727 1190 817 “Ursus
1218 729 1423 832 Episcopus
1449 729 1603 810 natione
1625 731 1780 812 Riuoal·

434 890 462 935 „
489 831 603 914 tertis
638 855 686 912 ex
724 831 832 909 Patre
859 830 1005 930 Joanne
1032 830 1243 912 Particiaco
1279 831 1371 912 sedit
1408 832 1518 911 annis
1544 830 1704 911 XXXII.
1732 843 1782 913 Et

433 990 461 1036 ,‚
481 957 565 1034 par.
588 932 747 1013 XXXII.
776 931 901 1029 Hujus
927 951 1097 1034 patentes
1124 933 1197 1013 viri
1224 933 1352 1013 devoti
1380 932 1565 1013 Ecclefias
1591 934 1627 1012 S.
1651 934 1780 1015 Severi

418 1084 461 1139 t„
486 1033 696 1152 Episcopi,
722 1035 759 1114 8<
785 1031 911 1113 Sandii
937 1031 1134 1113 Laurentii
1163 1034 1348 1135 Martyris
1384 1033 1452 1114 fibi
1479 1034 1711 1135 contiguas,
1738 1036 1779 1113 in

434 1195 463 1239 ,‚
489 1141 671 1217 Geminas
707 1134 982 1231 construxere,
1018 1135 1058 1214 iii
1085 1135 1224 1236 quibus
1250 1137 1313 1217 liic
1341 1137 1547 1239 Episcopus
1583 1137 1783 1216 succedens

433 1237 693 1343 „Ecclesiam
721 1240 755 1315 S.
783 1236 978 1317 Laurentii
1006 1236 1047 1315 in
1070 1236 1275 1339 Virginum
1303 1236 1580 1319 Moriastetiurri
1603 1239 1648 1316 ad
1673 1239 1783 1318 suum

436 1342 462 1443 ,'‚
489 1341 640 1420 obitum
667 1338 896 1421 commutari
923 1331 1125 1438 disposuit.
1209 1428 1213 1435 ¹

488 1444 604 1522 Porro
632 1440 743 1540 hujus
768 1439 843 1517 viri
868 1440 1019 1540 genitor
1043 1441 1241 1541 Joannee,
1278 1437 1343 1518 ille
1371 1438 1476 1538 suit,
1502 1436 1548 1519 de
1574 1464 1651 1540 quo
1676 1437 1778 1518 idem

436 1543 639 1624 Dandulus
667 1540 742 1619 loci
769 1540 876 1621 citati
905 1566 980 1643 par.
993 1564 1106 1621 xvir.
1133 1539 1253 1621 asserit
1281 1540 1384 1620 sitisse
1410 1544 1459 1620 ab
1487 1542 1779 1656 Angelos’atie‚

435 1645 473 1725 ἃ
501 1644 629 1722 Primo
658 1644 894 1722 Venetorum
921 1642 963 1721 in
988 1643 1172 1722 Rivoalto
1193 1645 1304 1722 Duce
1332 1644 1371 1722 iri
1397 1642 1630 1722 consortium
1658 1641 1780 1742 digni·

382 1742 395 1771 ⁹
435 1745 523 1827 tatis
548 1743 766 1842 adscitum,
799 1765 890 1823 irioit
918 1744 1036 1842 (ejus
1064 1744 1344 1845 promotionem
1373 1744 1527 1844 indigne
1553 1743 1694 1821 serente
1714 1745 1783 1842 Ju»

432 1848 595 1929 stiniaoo
622 1845 776 1943 Fratre)
804 1844 950 1925 honore
980 1866 1087 1927 tanto
1113 1845 1342 1944 spoliatum,
1368 1847 1406 1924 bc
1432 1844 1530 1945 apud
1555 1844 1703 1944 Jadrain
1726 1869 1779 1923 re·

432 1949 633 2048 legatum.
660 1946 749 2025 Sive
775 1946 893 2044 igitur
919 1947 1083 2045 Joanues
1109 1944 1193 2025 Ursi
1220 1946 1396 2047 Episcopi
1426 1949 1567 2040 Pater,
1601 1946 1691 2024 dum
1721 1970 1779 2046 pa·
1892 1992 1896 1999 ›

432 2071 549 2130 ternae
575 2048 728 2130 consors
754 2048 842 2126 esset
869 2046 1091 2146 dignitatis,
1118 2045 1193 2125 sive
1219 2047 1297 2147 ejus
1323 2073 1415 2126 avus
1438 2050 1632 2148 Angelus,
1659 2068 1700 2125 ut
1727 2049 1779 2123 as·

433 2151 521 2231 serit
548 2147 803 2244 Sansovinus„
826 2146 1008 2229 Ecclesiae
1036 2147 1143 2229 hasce
1171 2148 1531 2246 DivorumSeueri,
1556 2148 1594 2227 dt
1620 2150 1780 2227 Lauren·

430 2251 476 2332 tii
502 2250 776 2347 construxerit,
801 2270 948 2331 certum
977 2250 1053 2348 est,
1086 2271 1174 2328 ante
1201 2276 1344 2329 atinum
1372 2268 1543 2329 ocociii.
1571 2262 1654 2327 tiorr
1673 2249 1776 2327 fuisse

427 2350 679 2449 constructas,
704 2346 730 2429 fi
759 2350 886 2432 uidem
914 2350 1329 2453 Angelus'Particiaeo,
1354 2350 1418 2450 qui
1439 2350 1486 2427 ab
1506 2345 1706 2444 Heraclia,
1733 2370 1776 2427 ut

427 2456 582 2535 teslatut
609 2377 841 2550 madidus,
873 2451 1053 2553 originem
1074 2451 1252 2549 duxerat,
1281 2454 1474 2555 postquam
1501 2478 1523 2530 a
1554 2451 1709 2532 Venetis
1735 2448 1779 2526 ire

424 2550 578 2656 publico
602 2553 770 2634 concione
805 2554 1045 2656 congregatis
1081 2555 1266 2634 sancitum
1303 2554 1425 2635 suerat
1461 2577 1564 2633 aritio
1592 2574 1778 2647 Deserit,

429 2681 471 2736 ut
498 2657 658 2737 Ducalis
684 2656 796 2736 Sedes
823 2656 864 2735 in
892 2657 1076 2736 Rivoalto
1101 2657 1349 2749 consisteret,
1376 2661 1468 2733 Dux
1495 2679 1540 2734 eo
1567 2652 1645 2755 ipso
1671 2678 1775 2734 anno

428 2756 680 2873 intronizatus
705 2760 776 2857 eli.
804 2757 1080 2836 Monalierium
1109 2779 1200 2838 vero
1227 2756 1376 2837 nonnisi
1402 2756 1481 2858 post
1506 2775 1668 2835 mortem
1690 2755 1777 2835 Ursi
1857 2824 1863 2827 .

300 2933 304 2940 .
427 2858 604 2961 Episcopi
629 2852 797 2936 erectum
824 2856 953 2953 fuisse,
981 2880 1062 2937 tuni
1090 2881 1138 2938 eir
1161 2860 1285 2939 Dand.
1296 2859 1522 2953 Chronico,
1547 2877 1630 2937 turn
1652 2880 1701 2936 eit
1723 2857 1777 2958 ip·

427 2959 500 3039 sius
525 2958 610 3040 Ursi
647 2956 869 3039 testamento
906 2960 1165 3055 addiscimus3
1202 2962 1295 3040 Hac
1329 2961 1416 3040 sunt
1454 2959 1625 3040 Danduli
1653 2960 1776 3039 Ducis

430 3061 545 3142 rerba
573 3057 663 3141 libri
690 3060 798 3141 citati
824 3063 985 3163 capr.
1011 3061 1265 3163 par.XXV11.
1292 3062 1319 3107 ‘⁶
1344 3061 1631 3164 Hoc‘tenipore
1656 3062 1774 3141 Ursus

425 3213 454 3259 „
479 3161 684 3263 Episcopus
695 3161 925 3244 Olivolenfit
950 3161 1140 3245 senectute
1152 3185 1328 3264 gravatus
1338 3163 1541 3265 disposuit,
1568 3159 1775 3245 Ecclesiam

425 3315 459 3362 „
481 3264 517 3345 S.
539 3262 733 3344 Laurentii
762 3264 879 3344 aluis
902 3265 1214 3368 progenitoribus
1240 3264 1461 3347 fabricatam
1489 3263 1570 3345 fieri
1584 3260 1774 3345 Mouaste·

426 3416 455 3465 „
480 3363 581 3445 rium
595 3364 857 3464 Mooialiuin‚
881 3366 944 3447 cui
958 3368 1171 3448 Romanam
1184 3367 1350 3449 sororem
1362 3369 1468 3465 suani
1478 3368 1623 3471 praesse
1650 3367 1775 3451 decre·

425 3519 455 3567 „
480 3468 561 3566 vit,
586 3465 700 3572 &ipsi
712 3467 918 3550 Ecclesiam
944 3470 1122 3550 &Severi
1150 3469 1314 3569 subesse,
1339 3491 1478 3565 terras,
1503 3471 1541 3549 8<
1566 3495 1680 3569 aquas
1706 3466 1775 3547 sibi

424 3570 757 3669 „coadhaerentes
783 3571 947 3669 diutim,
974 3572 1012 3654 &
1037 3571 1130 3653 alias
1155 3571 1235 3674 pias
1261 3573 1505 3658 eleemosinas
1531 3570 1613 3651 fieri
1640 3568 1774 3652 coristi·

423 3725 453 3771 ,‚
478 3672 622 3753 tuit“.
648 3672 806 3754 Piisiimi
833 3671 1025 3755 Antistitis
1051 3694 1260 3757 extremam
1288 3677 1526 3757 voluntatem
1555 3673 1701 3767 latino,
1728 3672 1774 3755 li·

423 3792 487 3859 set
512 3772 641 3857 mitius
665 3798 845 3877 compto,
871 3777 1066 3873 sermone,
1091 3797 1136 3860 ut
1161 3805 1245 3861 mos
1271 3798 1350 3859 erat
1375 3776 1481 3858 illius
1492 3775 1586 3870 avi,
1612 3773 1778 3854 conscri-

421 3889 529 3976 ptam
555 3897 603 3957 eir
629 3877 871 3960 vetuslissrma
896 3878 1112 3994 apographa
1138 3900 1265 3962 tamen
1277 3902 1503 3982 pergamena
1528 3877 1772 3974 desumptum

421 3973 627 4162 {xbisseo’
652 3978 796 4085 inquo
823 3979 897 4063 viri
922 3981 1060 4083 religio
1085 3983 1240 4086 magis,
1264 4002 1395 4085 quam
1406 3978 1595 4085 elegantia
1621 3978 1774 4060 laudan·

449 4103 471 4159 a
495 4100 518 4163 e
567 4137 577 4160 i
1627 4124 1634 4129 ’

472 4337 500 4380 ,,
525 4287 573 4366 Iti
597 4260 775 4370 Nomine
806 4287 971 4372 Domitii
997 4287 1074 4372 Dei
1100 4288 1249 4372 AEtemi
1275 4293 1393 4374 Aurio
1424 4289 1475 4371 ab
1496 4287 1767 4372 incarnatione

420 4432 449 4484 o
466 4385 638 4527 *Domitii
663 4388 794 4481 Nostri
818 4392 908 4498 Jetu
930 4392 1080 4479 Christi
1101 4391 1429 4500 odingenteliuto
1453 4389 1767 4578 quinqmgfesifno
