3892 5342
506 368 565 478 '48
759 362 861 446 Da
921 361 1494 449 Mortissititio

544 510 719 596 Lotharii
745 514 842 617 apud
869 511 1091 592 Dandolum
1120 509 1261 593 ibidem
1283 533 1388 614 parte
1409 533 1524 593 xxiii.
1551 509 1614 594 his
1638 514 1788 600 verbis:

544 625 637 698 Dux
656 612 707 695 Θ*
725 612 916 713 spatarius
939 614 1209 692 Veneticorum.

447 717 547 823 (ro)
573 719 736 819 Joannes
761 715 1110 797 TtadonicusPetti
1138 716 1258 797 Ducis
1284 716 1386 798 filius
1412 738 1571 818 paternae
1592 717 1790 820 dignitatis

544 820 778 900 consortium
815 813 1031 923 laudatione
1060 813 1188 918 populi
1219 817 1353 898 habere
1381 818 1585 918 promeruit
1610 848 1627 900 .·
1664 841 1707 900 ut
1733 822 1790 903 ait

548 922 749 1001 Dandulus
777 942 879 1024 parte
907 943 934 999 i.

448 1020 547 1123 (ιι)
573 1016 702 1101 Helias
727 1021 947 1101 Patrirrcba
977 1048 1059 1104 cum
1084 1019 1336 1123 sucrefforibus
1356 1020 1477 1102 meis.
1513 1019 1788 1119 Intelligendus

552 1123 700 1207 videtur
728 1124 941 1204 Patriarcha
967 1123 1164 1204 Gradensis
1189 1128 1254 1227 qui
1284 1150 1350 1224 pro
1376 1124 1411 1202 se
1439 1122 1586 1224 suisque
1612 1124 1789 1202 successo·

543 1224 648 1305 ribus
675 1223 911 1325 subscripsit.
949 1225 1073 1304 Helia
1100 1250 1240 1304 nornen
1276 1226 1374 1304 inter
1400 1225 1605 1303 Gradenses
1634 1223 1788 1302 Patriac-

511 1358 514 1363 ·
544 1325 634 1406 elias
660 1325 800 1425 legitur
820 1328 970 1405 nullum
993 1326 1052 1403 his
1073 1327 1334 1426 temporibus.
1365 1326 1528 1425 Vulgata
1557 1325 1669 1406 seties
1688 1324 1788 1436 apud

376 1486 386 1505 .
543 1425 803 1523 Dandulum,
838 1428 876 1506 8(
901 1427 1112 1526 Ughelluui
1139 1428 1295 1507 exhibet
1321 1436 1565 1507 Fortunarum
1595 1433 1789 1503 Venerium

546 1526 744 1604 rariorem.
769 1526 957 1629 Ughellus
978 1536 1221 1641 fortunarum
1248 1529 1373 1608 sedisse
1399 1528 1551 1624 scribit,
1575 1528 1622 1606 ad
1643 1550 1784 1635 annum

543 1631 846 1845 iiiiiuiuiiisfisi‘e
861 1635 1063 1810 Velgiiiiiia
1079 1633 1140 1809 aedil
1150 1655 1308 1811 aiiiiii
1322 1626 1785 1809 giiinriilariloriierghilriiig

543 1830 699 1931 graphia
725 1885 739 1926 ‚
774 1832 840 1931 qui
865 1840 1111 1910 Fortunarum
1146 1832 1276 1910 obiisse
1302 1832 1422 1909 asserit
1459 1856 1500 1907 tu
1525 1830 1663 1917 Gallia,
1682 1854 1783 1910 anuo

542 1929 842 2031 824.'Venerium
877 1957 969 2013 vero
994 1933 1234 2013 successorem
1271 1931 1350 2031 ejus
1387 1928 1590 2013 Ecclefiani
1617 1931 1784 2010 Graden-

542 2031 620 2110 scttr
648 2030 945 2129 administrasse,
980 2035 1026 2111 ad
1052 2059 1194 2113 annum
1222 2034 1305 2132 848.
1332 2033 1493 2132 indeque
1519 2030 1645 2109 iiatuit
1670 2028 1785 2108 Vitio·

539 2129 591 2211 ris
626 2133 961 2231 Patriarcliatum,
995 2136 1062 2236 qui
1098 2134 1251 2235 quidem
1289 2135 1426 2214 calculi
1452 2133 1782 2233 Chronographiae

535 2233 708 2312 Danduli
735 2236 995 2316 concordant.
1033 2237 1138 2317 Idem
1165 2258 1292 2315 autem
1321 2234 1521 2315 Dandulus
1554 2232 1643 2313 loco
1663 2235 1782 2314 citato

615 2353 666 2412 ter
688 2357 774 2413 xxv.
802 2338 967 2416 recenset
1002 2335 1182 2415 Vi'iiorem
1220 2336 1514 2430 Patriarcham‚
1550 2359 1640 2413 mox
1675 2353 1782 2435 parte

568 2457 678 2516 ituri.
705 2437 817 2517 refert
853 2438 987 2534 hanc,
1022 2464 1135 2540 quarn
1163 2438 1391 2517 illustramus
1416 2433 1500 2515 Urfi
1527 2436 1702 2537 Episcopi
1729 2456 1782 2516 tc·

537 2535 815 2618 stamentariarn
840 2538 1142 2643 dispostioneni.
1168 2539 1281 2618 Unde
1302 2536 1466 2617 Visioris
1493 2537 1580 2615 loco
1606 2535 1781 2638 irrepsisse

538 2634 581 2716 iri
607 2641 879 2741 Apographum
907 2642 1057 2720 videtur
1084 2666 1224 2722 nornen
1252 2640 1411 2719 Heliae.
1449 2637 1738 2737 Autographum
1765 2692 1782 2734 ‚

537 2737 758 2819 siinveniti
786 2742 924 2842 posset,
950 2741 1129 2841 majorem
1157 2743 1210 2823 rei
1240 2744 1364 2823 lucem
1392 2737 1565 2834 afferret,
1600 2762 1692 2817 uuiti
1717 2743 1780 2817 Ve-

537 2834 681 2916 nerium
703 2840 826 2936 inter,
852 2842 889 2921 dc
914 2840 1093 2920 tortorem
1117 2844 1271 2945 quidam
1299 2843 1394 2921 alter
1407 2838 1621 2920 Patriarcha
1646 2837 1783 2920 Helias

536 2939 693 3019 nominc
719 2943 965 3022 recensendus
992 2946 1103 3040 esset,
1127 2944 1193 3045 qui
1205 2945 1339 3022 Sedent
1351 2941 1579 3021 Gradeosem
1592 2939 1780 3033 tenuerit.

537 3041 769 3122 Haecauteni
797 3045 1008 3125 adnotanda
1033 3046 1276 3147 putavimus,
1302 3068 1390 3122 cum
1418 3067 1466 3121 ex
1476 3041 1600 3121 nullia
1611 3042 1781 3122 Graden-

537 3140 631 3221 sium
659 3144 959 3225 Patriarcltarum
999 3146 1124 3244 serie,
1157 3171 1271 3246 quein
1299 3143 1485 3223 edidimus
1517 3143 1641 3242 operis
1668 3142 1781 3241 hujus

536 3243 652 3323 Toni.
679 3246 748 3324 ΙΙΙ.
775 3248 821 3326 ad
848 3246 1051 3327 Ecclesiam
1079 3250 1115 3326 S.
1142 3245 1309 3325 Silvellri
1336 3244 1483 3345 liquido
1508 3265 1631 3344 pateat
1649 3300 1663 3342 ‚
1683 3246 1780 3324 Gra·

536 3344 687 3462 densent
715 3346 880 3451 aliquem
908 3349 1199 3445 Patriatcham,
1234 3346 1387 3448 abipso
1415 3345 1597 3430 Dandulo
1632 3365 1778 3449 praetcr·
1922 3390 1923 3411 ι

534 3448 683 3528 missum
710 3447 835 3529 suisse.
1222 3486 1227 3495 ⁷
1757 3454 1760 3461 '

482 3544 544 3625 Ex
571 3547 618 3628 iis
654 3550 782 3653 itaque
804 3608 817 3646 ‚
841 3576 923 3653 quae
950 3551 1118 3652 superius
1142 3551 1343 3633 attulimus
1379 3553 1461 3633 haec
1496 3570 1602 3635 certo
1627 3550 1778 3632 innote-

433 3645 576 3746 scunt,
609 3651 648 3730 8<
674 3650 949 3733 Monalleriiitn
977 3654 1330 3736 Sandiimonialiuni
1356 3677 1458 3733 anno
1490 3676 1690 3737 Dcccci
1710 3682 1726 3732 1
1746 3680 1777 3732 r.
1922 3716 1923 3721 ι

433 3750 605 3830 nonduin
633 3750 831 3836 sundaturn
859 3755 985 3850 luisse,
1013 3755 1050 3833 8<
1076 3755 1268 3836 Basilicam
1296 3758 1332 3834 S.
1360 3757 1489 3835 Seueri
1516 3782 1563 3835 eir
1591 3753 1778 3833 testatoris
1922 3780 1923 3847 l

433 3849 633 3931 voluntate
660 3852 753 3933 adeo
778 3856 881 3936 ardlo
907 3856 1066 3934 uinculo
1090 3858 1264 3938 Ecclesia
1298 3857 1404 3937 Beati
1431 3854 1629 3938 Laurentii
1665 3854 1781 3936 adne-

432 3969 521 4029 xam
547 3949 674 4049 luisse,
702 3976 742 4034 ut
769 3958 874 4037 nulla
901 3956 1081 4058 separatio
1107 3961 1242 4038 exinde
1268 3958 1349 4036 fieti
1378 3962 1513 4056 posset.

483 4052 578 4135 Haec
602 4076 712 4137 caute
738 4059 785 4137 de
811 4059 973 4156 hujusce·
990 4058 1175 4139 Coenobii
1203 4059 1416 4158 primordiis
1441 4056 1566 4138 asserti
1592 4058 1776 4160 possunt,

431 4172 565 4333 carrera
589 4157 741 4258 omnia,
766 4157 947 4241 etsi'vera
972 4160 1112 4260 client,
1138 4161 1234 4244 nulli
1261 4181 1390 4239 tamen
1417 4162 1651 4247 documento
1675 4160 1778 4243 itini-

453 4274 585 4336 untur.

480 4354 858 4472 Magnificentissimo
883 4362 981 4449 Diri
1005 4361 1205 4447 Laurentii
1229 4365 1398 4468 Templo
1433 4367 1577 4473 adjacet
1589 4365 1770 4551 ξιιιεῡι

1237 4506 1248 4514 ·
1632 4492 1723 4568 ινο,
