3892 5342
532 414 620 494 274
775 388 875 469 De
936 389 1509 468 Monnarunto

446 575 497 639 „,
521 537 668 616 vicium
694 558 843 640 recepta
870 534 1047 617 felicibus
1072 532 1193 626 velis,
1218 532 1327 613 brevi
1341 533 1523 613 Venerius
1547 532 1811 618 desultabit.

467 694 494 741 „
521 638 579 717 Ibi
608 637 769 739 insignes
795 660 870 718 tres
896 636 1061 717 Nobiles
1088 635 1327 731 Venetiani,
1362 631 1547 715 Antonius
1561 632 1814 741 justiniani,

465 792 493 841 „
518 737 763 842 Hieronymus
773 734 961 835 Gabrielr',
983 740 1035 817 θ
1055 747 1185 816 Petrus
1195 744 1389 833 Ausuaga,
1415 737 1551 815 harum
1571 738 1729 815 exulum
1742 738 1811 816 mi·

463 893 493 939 „
520 842 640 936 serti,
664 841 845 920 omnibus
871 837 1119 918 humanitatis
1142 837 1281 918 officiis
1304 837 1361 916 eis
1385 839 1676 939 prosequendo,
1702 838 1811 919 nobi·

462 995 490 1040 „
516 941 546 1019 li
574 941 801 1022 Domicellae
827 938 966 1042 Ursule
990 938 1036 1019 da
1057 946 1228 1037 Ausuaga
1255 939 1520 1019 tradiderunt:
1545 965 1629 1040 quar
1655 964 1726 1039 pro
1746 964 1810 1040 ge·

461 1095 491 1140 „
516 1040 584 1120 nio
620 1043 689 1120 suo
712 1068 787 1122 unt
822 1069 912 1123 cum
948 1040 1032 1143 ipsts
1068 1042 1238 1120 totaliter
1274 1043 1310 1118 se
1346 1042 1581 1120 consecravit
1614 1041 1813 1121 exercitiis

460 1194 489 1242 „
513 1142 731 1239 orationis,
756 1144 1003 1238 devotionis,
1037 1141 1287 1222 Ecclelrarunt
1316 1140 1571 1237 vifitatiunis,
1603 1142 1813 1243 prasertim

460 1268 489 1342 ,‚
515 1267 607 1321 vero
634 1244 888 1324 misericordie
913 1246 1116 1345 operibus,
1141 1244 1195 1322 ita
1222 1265 1264 1322 ut
1290 1244 1426 1324 domur
1449 1242 1811 1343 earuminsrgniPe·

460 1395 489 1441 „
512 1344 751 1443 regrinorum
780 1348 940 1425 Terram
967 1345 1140 1423 Santram
1168 1344 1401 1425 visitantium
1428 1344 1624 1425 Charitati
1648 1344 1810 1456 applica·

457 1496 488 1542 „
513 1466 646 1523 retur.
683 1446 968 1547 Adiungebatur
996 1446 1054 1526 his
1081 1445 1371 1548 prestantisssma
1400 1447 1580 1526 Matrona
1609 1452 1741 1523 Marsa
1763 1441 1811 1523 de

458 1599 489 1644 „
514 1541 680 1643 Canale,
705 1547 851 1648 ingenti
880 1549 1118 1628 nobiliffimae
1142 1549 1326 1628 Civitatis
1354 1551 1511 1627 Veneta
1535 1545 1811 1645 edificatione,

457 1698 486 1744 „
511 1649 563 1760 ob
588 1649 938 1749 exemplarisllmam
975 1651 1109 1730 harum
1145 1673 1308 1752 quatuor
1333 1649 1576 1729 soeminarum
1613 1648 1810 1727 conversa·

456 1799 487 1846 „
512 1767 657 1826 ttonem
682 1775 694 1842 3
719 1774 793 1850 qua
811 1752 933 1930 gaulo
958 1752 1037 1853 poll
1064 1776 1243 1831 numerus
1268 1750 1460 1830 nobilium
1485 1747 1689 1849 Virginum
1718 1747 1811 1829 huic

455 1900 485 1945 „
511 1847 699 1948 proposito
724 1851 807 1929 addi
848 1877 953 1930 arum
976 1906 991 1950 ,
1017 1876 1132 1953 usque
1157 1853 1205 1933 ad
1230 1851 1428 1933 denarium
1453 1850 1651 1930 excrevit.
1681 1848 1811 1928 Proin.

455 2000 485 2046 „
510 1947 558 2033 de.
585 1950 891 2051 Negtopontanae
917 1950 1162 2054 apparitionis
1188 1977 1336 2032 memor
1361 1952 1544 2046 Beatrix,
1570 1975 1672 2029 anno
1705 1959 1810 2049 ¹434·

455 2100 485 2146 „
510 2046 707 2149 Hospitale
745 2052 1068 2153 Peregrinorum,
1103 2055 1173 2132 sub
1200 2053 1316 2133 titulo
1341 2054 1379 2132 S.
1403 2050 1638 2152 Sepulchri,
1673 2049 1713 2129 δι
1740 2051 1806 2129 sub

454 2201 484 2246 „
510 2150 622 2227 tertia
648 2152 795 2252 Regula
821 2155 858 2233 S.
881 2155 1098 2251 Francisci,
1119 2154 1159 2234 in
1185 2153 1409 2234 Claustrum
1430 2152 1643 2232 convertit:
1673 2151 1808 2251 inquo

455 2301 483 2345 „
509 2248 980 2363 ipsumortillcationibus,
1006 2255 1176 2355 jejuniis,
1201 2254 1443 2348 obedientia,
1471 2253 1717 2346 humilitate,
1744 2276 1801 2352 pn

454 2401 483 2445 „
508 2350 667 2447 nentia,
691 2356 890 2453 oratione,
914 2356 1101 2437 charitate
1128 2355 1229 2452 Dei,
1253 2356 1292 2434 δι
1319 2354 1513 2448 Proximi,
1538 2352 1703 2454 reliquas
1721 2354 1805 2433 suat

454 2475 626 2547 „novas
653 2453 849 2535 Moniales
874 2484 1008 2538 omnes
1034 2455 1255 2558 superavit,
1293 2455 1346 2534 ita
1373 2475 1414 2532 ut
1441 2454 1557 2532 etiam
1583 2454 1706 2553 gratia
1733 2452 1803 2533 mi·

451 2602 481 2649 „
506 2552 722 2633 toculorum
749 2558 976 2643 elucesceret
1000 2583 1014 2652 3
1039 2560 1120 2637 solo
1131 2556 1271 2636 Crucis
1297 2554 1401 2655 figno
1427 2555 1599 2633 infirmos
1625 2574 1801 2650 curaret,

451 2704 481 2749 „
505 2651 543 2730 δι
568 2653 685 2733 etiam
710 2653 832 2737 Clare
849 2655 896 2736 de
916 2655 1061 2755 Bugm’,
1085 2658 1159 2736 sua
1185 2675 1279 2735 tunc
1305 2656 1588 2757 Superiorillae,
1611 2655 1803 2755 spiritum
1923 2668 1927 2747 l

449 2800 480 2851 ,‚
505 2754 737 2852 erraticum,
763 2759 928 2858 aliasque
953 2758 1265 2839 extraordinarias
1290 2757 1452 2860 gratias,
1475 2757 1677 2857 prasertim
1706 2782 1806 2839 vero.

449 2855 622 2949 „reales
648 2858 840 2955 sanguinis
864 2860 1035 2956 Christi,
1060 2861 1097 2939 dt
1125 2859 1284 2955 Maria,
1309 2859 1473 2961 ejusque
1490 2857 1663 2958 Virginei
1673 2856 1807 2938 Laetis

450 3004 480 3049 „
505 2974 663 3052 guttas,
699 2960 1030 3056 penetrantisllmis
1056 2960 1131 3039 suis
1156 2958 1330 3060 precibus
1357 2959 1548 3040 verislime
1567 2985 1592 3037 a
1618 2961 1704 3037 Deo
1732 2958 1804 3041 im·

450 3103 479 3148 „
503 3072 698 3150 petruret.
726 3060 995 3159 Apparitiones
1021 3063 1187 3156 multat,
1212 3084 1306 3160 quas
1331 3087 1353 3139 a
1378 3058 1570 3156 Cltrillo,
1597 3059 1765 3160 Deipara
1782 3111 1804 3156 ,
1921 3100 1922 3107 ¹

450 3180 479 3247 „
504 3152 996 3260 Sanaotoannessaprina,
1022 3160 1182 3262 aliisque
1194 3160 1339 3240 Sandis
1364 3162 1615 3241 diversimode
1626 3163 1803 3261 accepit,
1920 3180 1921 3197 ¹

449 3304 478 3348 „
503 3252 591 3332 sunt
616 3252 827 3356 stupenda,
854 3287 975 3359 vera,
999 3262 1296 3364 amplectione
1325 3264 1508 3365 Denique
1534 3263 1800 3351 invirtutibus

448 3403 477 3448 ,‚
502 3355 846 3439 consummataad·
862 3363 1052 3444 coelestem
1088 3365 1197 3442 suum
1223 3364 1420 3466 Sponsum·
1446 3363 1635 3464 migravit
1663 3365 1708 3442 in
1732 3364 1803 3442 suo

446 3503 477 3550 η
501 3451 660 3543 fundato
687 3459 955 3560 Monallerio,
981 3491 1050 3566 pro
1075 3465 1183 3563 cujus
1208 3489 1336 3545 amore
1363 3484 1421 3545 tot
1447 3467 1652 3567 pericula,
1687 3463 1801 3544 itine-
1916 3482 1917 3493 ¹

445 3580 474 3649 ,‚
500 3577 564 3650 ra,
588 3559 809 3738 angugias,
834 3564 1146 3687 sollicitudines,
1170 3565 1447 3680 difficultates,
1472 3566 1509 3646 8(
1536 3564 1800 3678 mortificatio·

446 3663 1800 3937 3:5252}‘'l'llall5‘lllllstltfnlzllllala'la
1882 3787 1893 3792 ·>

444 3902 474 3949 ῃ
525 3877 629 3955 epus
672 3889 706 3941 1.

498 3959 755 4075 Apparentem
790 3968 889 4050 hane
914 3995 1042 4053 rerunt
1078 3971 1341 4054 dissonantiam
1379 3973 1423 4054 in
1449 3996 1563 4053 unam
1591 3971 1799 4052 veritatem

432 4064 654 4177 'concrlrare
678 4065 788 4148 facile
815 4073 969 4172 quidem
995 4073 1093 4171 erit,
1119 4073 1145 4152 fi
1171 4079 1399 4159 documenta
1425 4073 1537 4179 ipfinv
1563 4070 1799 4154 fundationis

443 4176 493 4233 ex
519 4182 668 4261 integro
695 4192 761 4267 per
785 4172 918 4253 seriem
944 4177 1189 4257 evolvamus.

473 4258 641 4370 ‘seculo
666 4267 765 4385 XV.⁴
788 4272 937 4387 Helena
951 4300 1012 4392 ‚ex
1037 4275 1159 4356 nobili
1186 4299 1300 4377 geute
1326 4278 1439 4359 Cella
1467 4276 1641 4360 Veneriis
1665 4297 1794 4377 proge-

444 4373 526 4441 utta
551 4360 689 4449 Marco
717 4370 836 4451 Vronr
862 4375 1022 4461 Patrrtio
1050 4378 1197 4458 Veneto
1223 4380 1266 4458 in
1293 4378 1579 4465 matrimonium
1615 4376 1792 4558 εῗμὶᾶῑδ

1661 4496 1746 4585 Ψῑι
1878 4492 1881 4497 ’
