3892 5342
495 300 1258 397 suro'nrnrntrtrranrs
1427 339 1484 426 45
1559 378 1561 386 .

206 514 235 564 „
260 462 421 544 &aliud
452 466 552 564 quod
575 463 683 543 nobis
704 459 959 561 Omnipotens
982 461 1088 541 Deus
1109 459 1346 560 inspiraverit
1370 515 1384 559 ,
1406 462 1444 542 8
1463 452 1552 544 Bea·

205 616 235 664 ,‚
262 566 418 665 tissimus
446 567 576 644 Petrus
602 563 824 664 Apostolus.
853 564 914 641 De
936 583 1063 642 autem
1083 562 1236 641 Basilica
1254 562 1554 646 B.SevetiCou·

205 718 234 764 ,‚
262 666 577 761 sessorisClnrilii‚
604 666 695 744 volo
720 665 758 743 8(
786 664 919 759 jubeo,
947 684 989 744 ut
1015 661 1214 762 conjonera
1233 680 1449 764 permaneat
1461 666 1552 746 sem·

204 817 233 864 ‚‚
261 792 325 867 per
346 793 433 847 cum
455 766 619 845 Ecclesia
640 766 747 845 Beati
770 764 990 859 Laurentii,
1017 785 1059 844 ut
1083 765 1189 845 nulla
1210 765 1392 865 separatio
1413 765 1551 851 exinde.

203 920 232 964 „
259 869 342 946 fiat.
373 870 432 947 De
456 868 626 969 reliquo,
649 868 749 967 quod
773 862 948 946 remanfit
969 888 1076 944 extra
1097 866 1180 945 ilias
1201 865 1391 963 iamdidias
1408 868 1553 948 sexuu-

201 1019 232 1065 ‚‚
258 970 333 1048 cias
357 969 687 1070 principumque,
714 967 933 1068 jamdudum
958 968 1204 1047 terminatum
1229 968 1352 1048 habeo
1374 967 1551 1048 inBassli·

142 1076 151 1085 ’
203 1121 232 1165 ,,
258 1096 301 1149 ca
322 1071 427 1149 Beati
450 1071 645 1149 Laurentii
668 1125 681 1167 ‚
707 1069 890 1149 &Soroti
913 1094 1037 1150 meae.
1075 1070 1178 1149 Volo
1204 1070 1242 1148 8(
1261 1069 1375 1167 jubeo
1396 1068 1443 1147 dc
1464 1095 1550 1150 mea

201 1220 231 1267 ,‚
257 1172 362 1248 caula
385 1174 479 1270 (7),
507 1173 695 1252 utexinde
716 1172 808 1251 funt
831 1192 905 1250 tres
926 1168 1144 1272 portiones,
1168 1169 1288 1270 prima
1308 1193 1413 1271 parte
1440 1169 1550 1250 inre·

198 1321 228 1365 ‚‚
255 1273 475 1373 demptione
496 1273 755 1375 captivorum.
783 1271 871 1352 Alia
892 1294 984 1351 veto
1005 1270 1342 1368 instituentibus,
1366 1272 1549 1371 &paupe-

178 1404 228 1467 *‚,
255 1373 358 1453 tibus
379 1399 392 1466 ς
419 1375 530 1453 tertia
551 1400 642 1454 vero
663 1374 787 1473 portio
806 1373 846 1454 in
869 1372 1136 1454 restauratione
1157 1372 1407 1453 Ecclestarum
1435 1373 1511 1452 Dei
1532 1426 1547 1470 ‚

196 1523 228 1568 os
255 1475 292 1552 8(
312 1474 352 1552 in
374 1475 625 1572 Moaasteria,
651 1476 742 1554 ficut
765 1502 848 1556 mea
870 1477 1046 1553 voluntas
1064 1473 1274 1555 decreverit
1293 1528 1309 1570 ,
1331 1473 1370 1552 Bt
1390 1474 1436 1553 ad
1457 1494 1545 1553 con·

199 1624 229 1670 ‚‚
255 1574 478 1675 sanguineos
500 1602 637 1675 meos,
673 1578 736 1657 cui
765 1603 786 1656 e
860 1576 1093 1655 nominando
1124 1573 1371 1656 testificavero
1402 1574 1544 1653 tamin

198 1726 227 1771 „
253 1675 332 1754 vita
358 1701 474 1772 mea,
510 1704 698 1781 quamque
728 1706 776 1778 po
826 1677 976 1757 obitum
1000 1702 1160 1756 meunt.
1190 1676 1273 1756 Post
1301 1679 1380 1756 hac
1409 1701 1544 1756 omnes

193 1827 222 1872 ‚,
248 1776 384 1857 exinde
405 1781 616 1881 contempti
649 1781 695 1858 de
715 1781 780 1859 illa
802 1779 1018 1859 haereditate
1049 1803 1134 1858 mea
1153 1778 1194 1857 in
1216 1777 1345 1858 sutoro
1363 1798 1542 1857 maneant

192 1927 221 1972 ‚‚
247 1901 408 1978 excepto
432 1881 569 1981 cuique
593 1883 780 1974 voluerit,
805 1883 843 1959 8<
865 1881 1048 1960 amaverit
1068 1884 1181 1960 Soror
1203 1905 1287 1960 mea
1307 1882 1354 1958 de
1376 1880 1436 1958 sua
1458 1903 1540 1980 por·

191 2027 221 2072 ‚,
248 1978 352 2058 tione
373 2006 703 2062 commemorate.
741 1984 844 2060 Volo
864 1982 902 2060 8(
919 1982 1035 2075 jubeo
1057 2039 1073 2080 ,
1107 2002 1149 2061 ut
1169 2001 1324 2063 centum
1355 1980 1540 2069 librasde

192 2129 220 2174 „
245 2103 404 2179 argento
449 2085 558 2160 vadat
593 2109 659 2184 pro
689 2082 816 2163 anima
847 2107 932 2163 mea
962 2083 1004 2164 in
1043 2081 1339 2183 redemptionem
1370 2082 1538 2182 captivo-

192 2230 219 2275 „
245 2205 353 2277 tum,
379 2183 416 2261 8(
443 2184 544 2262 aliud
575 2209 664 2265 veto
690 2186 952 2266 centenarium
994 2187 1108 2265 vadat
1136 2212 1203 2286 pro
1229 2182 1471 2279 Sacerdotes,
1497 2182 1536 2262 8ε

188 2333 216 2376 „
241 2306 418 2383 pauperes
446 2287 544 2364 Dei.
573 2287 729 2366 Tertius
757 2314 848 2366 veto
868 2289 1107 2368 centenarius
1127 2285 1346 2368 distribuere
1367 2284 1537 2385 debeatis

185 2434 215 2477 „
241 2408 306 2482 per
335 2386 565 2464 Monastetia
587 2443 601 2482 ,
625 2389 672 2479 8(
699 2389 965 2471 restauratione
990 2389 1239 2470 Eccleliatum
1262 2389 1373 2481 Dei,
1400 2386 1536 2465 &cui-

184 2534 215 2579 ‚‚
240 2509 313 2582 que
333 2486 498 2563 voluerit
519 2490 693 2564 Romana
715 2490 827 2566 Soror
847 2515 954 2584 mea,
980 2493 1018 2568 8(
1039 2491 1081 2568 in
1104 2491 1336 2567 Mouastetio
1359 2490 1399 2566 B.
1432 2488 1535 2567 Ylla·

185 2630 214 2679 ‚‚
240 2584 288 2662 rii
311 2585 544 2667 confessoris
564 2587 729 2666 Christi.
758 2590 860 2668 Volo
885 2591 921 2669 v<
945 2590 1096 2687 judico,
1122 2611 1164 2666 ut
1191 2591 1277 2667 dare
1298 2589 1466 2668 debeatis
1486 2593 1534 2668 rle

184 2736 214 2781 ,‚
239 2685 322 2785 ipso
343 2686 412 2764 isto
432 2687 545 2766 tertio
565 2688 785 2769 centenario
807 2716 886 2768 uno
908 2691 1014 2770 sacco
1035 2692 1082 2770 de
1104 2691 1258 2791 pipere,
1284 2691 1321 2769 8<
1343 2689 1463 2767 alium
1484 2690 1533 2770 dc

181 2837 211 2884 ‚‚
237 2787 424 2885 alviano,
449 2790 487 2867 u
507 2789 628 2869 alium
651 2791 690 2869 io
714 2816 885 2893 parentes
904 2794 1075 2873 nosiros.
1110 2793 1176 2870 De
1199 2790 1379 2870 caudium
1400 2810 1531 2873 autem

181 2938 210 2985 ‚‚
237 2888 373 2969 habere
396 2892 566 2991 magnis,
593 2893 629 2970 8<
654 2893 799 2995 parvis,
825 2893 929 2975 &de
947 2894 1101 2991 omnia,
1127 2894 1164 2972 8(
1186 2892 1226 2971 in
1247 2890 1532 2992 omnibusquos

180 3041 208 3088 ‚‚
234 3017 306 3091 ego
329 3018 495 3094 unquam
518 2994 696 3095 acquisivi
730 2995 803 3077 hoc
826 3016 950 3075 totum
974 2996 1084 3075 vadat
1112 3021 1179 3096 pro
1199 2993 1366 3074 animam
1379 3019 1531 3093 meam,

179 3142 208 3189 „
233 3093 436 3174 secundum
463 3097 563 3197 quod
591 3096 805 3197 dispositum
828 3100 973 3196 babeo,
1000 3117 1168 3177 necnon
1189 3097 1226 3178 8(
1247 3096 1368 3198 ipsum
1393 3097 1530 3177 Mona·

178 3243 208 3292 ‚,
235 3195 421 3293 sterium,
454 3223 535 3298 qua
569 3197 741 3298 pradilia
773 3199 886 3279 Soror
916 3225 1001 3279 mea
1029 3200 1085 3279 ibi
1115 3199 1338 3296 ordinavit,
1376 3220 1419 3276 ut
1450 3196 1529 3299 ipsa

177 3338 207 3394 ‚‚
233 3297 287 3376 ibi
311 3300 399 3378 Deo
427 3299 566 3377 servire
597 3301 731 3379 debeat
752 3325 840 3379 curn
862 3301 939 3381 suis
961 3358 975 3399 ,
997 3303 1064 3403 qui
1087 3303 1121 3380 se
1145 3302 1236 3383 Deo,
1254 3299 1430 3380 voverint
1457 3301 1527 3377 sub

176 3449 205 3497 ‚,
233 3400 338 3478 nulla
370 3400 550 3502 potestate
572 3421 717 3481 terrena
738 3402 985 3484 constitutum
1009 3405 1070 3483 vel
1094 3404 1312 3483 ordinatum
1343 3399 1433 3497 fiat,
1457 3397 1527 3479 nili

70 3565 77 3573 .
173 3551 202 3598 a
227 3527 316 3583 eum
343 3528 550 3583 commune
577 3502 734 3582 consilio
754 3506 1105 3607 congregationis,
1127 3504 1165 3585 u
1192 3501 1396 3583 secundum
1422 3500 1526 3601 quod

171 3652 202 3702 ‚,
229 3631 293 3706 pet
321 3631 448 3686 meum
479 3606 742 3685 testamentum
769 3608 942 3687 ordinare
968 3607 1090 3707 jussit,
1115 3606 1154 3685 Bt
1174 3604 1220 3684 ln
1247 3601 1427 3705 potestate
1438 3626 1525 3681 mea

173 3706 401 3803 „ordinavi
429 3733 497 3811 pro
523 3707 691 3788 animaru
719 3733 868 3808 meam,
896 3734 972 3790 tarn
1000 3712 1037 3788 a<
1064 3711 1104 3788 in
1133 3704 1317 3809 proximis
1334 3703 1453 3819 meis,
1478 3702 1523 3782 st·

170 3856 202 3905 ‚‚
226 3835 275 3888 ve
300 3811 338 3891 a
364 3811 405 3890 in
433 3812 640 3891 extraneis.
669 3811 816 3892 Placuit
842 3811 943 3894 mihi
967 3811 1121 3908 omnia,
1147 3810 1184 3891 8(
1211 3808 1254 3887 in
1278 3807 1458 3888 omnibus
1476 3828 1520 3887 tn
1609 3876 1614 3887 r

172 3936 311 4008 „vera
339 3934 489 4011 mente,
516 3938 684 4015 necnon
708 3914 744 3993 8<
767 3912 1286 4006 finceroconfiliootdinare‚
1310 3929 1519 4008 atqvecon-

170 4058 200 4109 ‚,
225 4009 516 4117 stituere'ipsum
544 4020 672 4099 meum
686 4015 962 4098 Monalletium
991 4042 1058 4120 pro
1085 4012 1331 4108 meaanitna4
1356 4008 1432 4088 sive
1458 4032 1518 4123 pa·

170 4162 201 4213 ‚,
227 4115 397 4199 tentibus
424 4117 590 4219 nostris,
617 4119 680 4199 seu
707 4119 754 4199 de
779 4119 966 4200 extraneis
995 4123 1057 4202 vel
1082 4122 1129 4199 de
1154 4134 1378 4229 quacunque
1404 4127 1517 4223 tatto-

170 4264 199 4315 ,‚
225 4241 296 4313 ne,
321 4242 403 4317 qua
428 4221 604 4320 superius
621 4221 682 4300 vel
707 4220 1013 4303 inferiusmanet
1039 4217 1194 4312 omnia,
1219 4214 1257 4294 8(
1284 4209 1516 4292 rnomotbus

170 4366 200 4419 a
223 4318 432 4427 supradille
456 4323 585 4407 Soroti
610 4348 732 4443 mear,
754 4323 797 4409 io
823 4321 928 4409 illius
948 4346 1099 4407 moueat
1120 4315 1301 4424 potestate
1318 4331 1516 4517 ,quaeqffemff
