3892 5342
420 300 427 314 ’
467 277 866 364 8..Ι,Αυιεκτῐῑ
900 275 1227 364 Minime·
1403 284 1454 395 85

188 428 260 517 viri
287 427 526 512 Venerabilis
552 425 811 527 humilitatem
836 424 1065 510 admirantes
1102 427 1248 509 lacrum
1275 408 1386 529 iplids
1420 429 1529 512 cana

165 558 255 621 vet
277 532 512 628 exosculari,
536 530 575 609 δε
599 527 771 625 venerari
797 529 1023 608 certabant.
1049 528 1201 632 Corpus
1226 526 1267 609 in
1293 529 1423 610 eadem
1450 533 1527 614 cel·

185 636 265 719 lula
291 633 358 714 ubi
384 632 642 735 expiraverat,
668 649 710 710 ut
737 628 869 731 populi
895 628 1049 726 studiis,
1074 656 1118 712 ac
1144 628 1448 727 defideriisfieret
1473 635 1528 712 sa·

146 812 159 828 ,
186 736 271 834 tis,
301 760 369 837 per
395 756 469 815 tres
495 733 574 815 dies
600 732 794 847 servarum·
825 728 911 828 eli,
946 730 1177 847 plurimique
1202 729 1346 811 infirmi
1366 784 1381 829 ,
1405 733 1452 812 ad
1469 734 1529 813 sa·

184 862 265 919 cras
289 835 445 916 exuvias
471 834 693 921 advolantes
718 832 941 929 sanitatem,
967 858 1045 929 erus
1071 832 1274 936 patrocinii
1299 857 1396 934 ope,
1422 858 1526 915 rece-

183 959 321 1055 petunt
346 995 356 1018 .
393 935 487 1017 Hac
520 961 609 1015 cum
636 932 773 1035 Ioanni
801 932 945 1013 Polano
971 954 1064 1017 tunc
1090 934 1307 1015 Castellano
1344 933 1528 1037 Episcopo

184 1038 458 1133 innotuissent,
483 1038 530 1117 ad
556 1041 684 1117 locum
706 1032 919 1137 festinavit,
945 1059 1155 1138 rerumquae
1177 1036 1337 1119 veritate
1357 1062 1529 1139 comper·

187 1162 252 1236 ra,
278 1141 466 1221 solemnes
476 1139 653 1238 exequias
663 1136 746 1217 viro
757 1128 984 1219 sandiliimo
1004 1134 1187 1219 celebrari
1200 1139 1418 1235 mandavit,
1444 1139 1529 1240 qui·

182 1242 256 1325 bus
281 1241 378 1322 mira
404 1239 536 1344 populi
561 1238 771 1341 frequentia
796 1238 998 1340 completis
1023 1240 1293 1321 Venerandum
1312 1238 1463 1339 Corpus
1484 1240 1528 1320 in

179 1367 396 1423 marmorea
421 1368 505 1422 arca
525 1396 540 1437 ,
564 1342 632 1423 sub
659 1334 832 1421 Ecclefiae
857 1340 894 1419 S.
919 1340 1117 1421 Laurentii
1143 1341 1291 1443 porticu
1317 1338 1528 1440 depositum

181 1444 284 1544 suit,
308 1446 429 1526 donec
456 1443 568 1546 ipsius
591 1438 864 1541 sannimonia,
888 1438 963 1527 rite
991 1441 1141 1548 perodio
1161 1440 1421 1546 prodigiorum
1442 1465 1527 1524 exa·

180 1547 321 1643 mine„
340 1548 580 1648 probaretur.

128 1683 131 1687 ’
233 1647 424 1730 Posthac
459 1647 611 1730 Civitas
640 1648 787 1731 Veneta
822 1644 1016 1729 acerrimis
1040 1647 1190 1744 bellis,
1225 1642 1530 1752 savoquepelli·

175 1747 318 1841 lentim¹
333 1752 469 1833 morbo
492 1750 684 1834 miserisne
711 1767 871 1847 vexata,
895 1749 990 1830 adeo
1015 1751 1056 1829 in
1083 1748 1210 1831 Sandii
1237 1749 1322 1828 Viri
1342 1753 1450 1831 cultu
1478 1772 1556 1835 te·.

178 1851 332 1954 pescere
356 1850 489 1954 caepit,
514 1874 557 1932 ut
583 1876 714 1956 parurn
742 1849 940 1949 abfuerit,
964 1850 1057 1952 quin
1085 1850 1194 1953 ipfius
1216 1875 1357 1931 nomeu
1383 1855 1432 1932 ab
1459 1850 1525 1930 ho-

180 1951 335 2031 minum
362 1952 547 2035 memoria
567 1953 777 2036 excideret.
805 1955 911 2033 Deus
938 1974 1065 2052 tamen
1078 1952 1357 2056 Omnipotens,
1380 1953 1445 2056 qui
1471 1952 1531 2031 est

176 2049 394 2135 humilium
419 2054 624 2150 celsitudo,
649 2054 954 2135 samulumsuum
984 2056 1023 2137 in
1045 2082 1092 2137 eo
1112 2056 1199 2135 loco
1222 2053 1430 2157 inglorium
1456 2053 1527 2133 diu

175 2149 457 2267 quiescerennn
484 2154 688 2256 elipassos,
715 2156 777 2237 sed
793 2157 935 2256 'quanti
955 2156 1083 2237 meriti
1111 2155 1152 2236 in
1163 2154 1280 2237 Calin
1306 2157 1420 2251 esset,
1440 2180 1524 2257 pro·

174 2253 293 2354 drgiis
318 2255 614 2339 contestantibus
640 2258 875 2355 innotescere
897 2257 1041 2339 voluit:
1071 2263 1187 2339 Anno
1209 2256 1525 2358 iraqueMccvrt.
1596 2280 1608 2297 ⁸

173 2354 227 2434 eb
252 2355 362 2463 obitu
389 2356 520 2461 snam
546 2358 618 2437 viri
646 2360 798 2439 circiter
824 2359 863 2437 vi
890 2359 1029 2454 estmo,
1059 2360 1334 2440 Monallerium
1365 2380 1524 2459 regente

173 2458 332 2555 neaera
358 2456 554 2560 Quirino,
579 2461 774 2539 nonnulla
800 2482 848 2537 ex
926 2461 1118 2559 onialibus
1145 2461 1313 2539 Sacrario
1339 2458 1522 2573 praesedeo

174 2581 257 2636 non
284 2556 399 2638 semel
426 2583 583 2638 aureum
622 2559 1024 2643 stellarumcirculum
1063 2584 1127 2661 per
1164 2558 1315 2639 nostem
1342 2584 1384 2638 tn
1410 2561 1525 2641 Caelo

172 2657 383 2740 micantem
410 2660 709 2762 conspexerunt,
732 2661 776 2739 8<
797 2660 839 2739 in
866 2662 994 2741 medio
1019 2661 1155 2744 circuli
1175 2684 1332 2741 manum
1357 2684 1525 2741 marmo-

171 2785 285 2841 reum
310 2761 414 2841 Sacri
425 2762 608 2862 Corporis
633 2760 842 2864 depolitum
868 2764 991 2863 digito
1017 2764 1250 2866 signantem,
1277 2761 1426 2865 hocque
1453 2761 1524 2841 Di·

172 2861 275 2943 vinae
301 2862 549 2964 providentia
574 2861 981 2962 muneresastumest,
1005 2887 1049 2946 ut
1075 2864 1170 2964 illo,
1194 2865 1258 2947 cui
1284 2864 1377 2945 dum
1404 2863 1446 2943 in
1467 2862 1522 2943 vi-

171 2963 234 3042 nis
261 2986 410 3065 ageret,
435 2965 665 3068 pracipuum
692 2967 837 3067 semper
856 2965 999 3047 latendi
1026 2967 1189 3048 studium
1214 2966 1312 3064 suit,
1336 2966 1379 3045 in
1405 2964 1524 3069 sepul·

171 3090 243 3148 cro
268 3066 489 3151 delitescens
514 3071 689 3168 syderum
715 3066 859 3151 indicio
869 3069 1111 3171 proderetur.
1137 3070 1230 3150 l-laec
1248 3093 1337 3151 curn
1350 3066 1523 3169 frequen·
1562 3096 1569 3111 ‘

170 3187 233 3246 ter
269 3167 309 3246 in
337 3168 524 3269 profundo
550 3168 672 3251 nouis
707 3168 857 3251 silentio
884 3170 1020 3253 iisdem
1047 3170 1288 3252 Monialibns
1324 3168 1402 3249 visa
1438 3167 1523 3248 suis-

171 3267 282 3367 sent,
308 3292 397 3350 rem‘
416 3291 535 3355 totam
563 3272 737 3352 antistita
763 3270 963 3374 aperiunt,
988 3297 1070 3375 quae
1096 3271 1317 3354 convocatis
1338 3268 1521 3351 Ecclefia·

170 3395 259 3451 rum
289 3369 512 3457 Monalietii
541 3374 1019 3476 Prasbyterissepulcrum
1045 3374 1182 3478 aperiri
1209 3371 1340 3471 juffir,
1376 3371 1521 3471 inquo

168 3470 271 3555 Divi
298 3499 434 3574 corpus
459 3475 724 3575 incorruptum
751 3475 869 3573 adeo,
888 3473 1165 3580 vividumque,
1194 3469 1437 3587 &tradabile
1463 3472 1521 3551 in·

132 3616 138 3625 -
170 3598 387 3673 venerunt,
411 3601 455 3657 ac
481 3572 508 3655 st
534 3577 664 3657 eadem
692 3576 751 3656 dle
777 3576 1024 3659 inhumatum
1051 3576 1172 3675 suisset
1198 3634 1209 3654 .
1245 3575 1319 3654 Rei
1345 3592 1521 3654 novitate

164 3700 250 3791 per·
265 3679 397 3759 urbem
425 3679 604 3779 vulgata,
629 3668 915 3795 frequentiffimi
942 3678 1029 3760 fasti
1055 3678 1142 3759 sunt
1162 3674 1428 3758 ad‘tumulum
1455 3674 1520 3753 de-

168 3776 362 3875 vottonis,
389 3780 425 3860 dt
451 3778 677 3863 curiofitatis
703 3780 845 3862 rntuiru
873 3782 1078 3862 hominurn
1103 3781 1329 3876 concursus,
1380 3799 1522 3859 uorurn

170 3878 289 3960 multi
315 3881 431 3963 variis
466 3881 594 3965 vexati
621 3878 908 3964 infirmitatibus
982 3884 1074 3963 dum
1101 3881 1180 3980 ejus
1212 3880 1355 3962 interce
1398 3901 1519 3961 onena

170 3976 403 4082 implorant,
428 3984 577 4065 sanitari
604 3974 870 4065 restituuntur.
898 3939 972 4065 isis
996 3984 1071 4093 rite
1097 3982 1322 4064 examinatis
1346 3982 1517 4085 probata·

171 4105 320 4183 queen
347 4088 501 4168 testibus
535 4082 610 4166 viri
645 4084 839 4167 sandlitate
865 4084 1073 4189 Episcopus
1098 4082 1337 4166 Castellanus
1372 4106 1459 4165 euru
1490 4103 1515 4166 a

170 4186 325 4269 rumulo
351 4186 422 4269 illo
446 4187 641 4288 amoveri,
665 4209 778 4292 arque
804 4188 1018 4272 indecenti
1039 4189 1169 4297 loculo
1190 4186 1299 4287 super
1319 4203 1514 4363 msngn'

1402 4308 1423 4362 a
