3892 5342
431 397 432 400 ι
489 325 532 418 S.
566 332 862 416 Ztcnnrre
896 330 1219 420 vtouuurnz
1392 362 1476 447 323

189 523 227 598 t„
252 492 334 573 ait:
361 483 467 588 Quid
494 483 711 564 dubitamus
737 451 890 564 serires?
917 482 1065 566 Scimus
1087 484 1214 583 enim,
1238 487 1340 588 quod
1360 489 1460 586 arsia
1486 485 1542 568 eli

195 652 229 699 ‚,
255 595 348 687 via,
373 612 455 689 quat
482 584 586 666 ducit
612 587 658 664 ad
685 583 828 679 vitam,
855 584 995 664 namsi
1022 588 1145 667 adhuc
1173 587 1372 668 interrena
1399 589 1545 668 militia

196 751 230 799 ‚,
254 694 473 785 fuissemus,
499 713 566 788 pto
592 685 742 765 mortali
773 686 929 766 bomine
956 689 1071 766 motti
1099 691 1415 770 nostraderenon
1434 691 1540 767 dubi-

192 852 226 899 „
252 815 450 881 tatemusa
482 808 627 889 quanto
651 785 769 885 magis
806 812 873 887 pto
898 786 1097 870 animabus
1125 789 1268 886 ‚nostris
1304 817 1372 874 nos
1398 815 1542 872 certate
1643 821 1647 828 ·

191 953 225 999 „
251 912 426 995 oportet,
450 910 563 990 atque
586 913 652 988 pro
672 888 732 986 spe
753 887 885 968 suturas
908 889 1064 987 gloria,
1090 916 1203 991 quam
1227 893 1541 974 habueruntSan·

192 1054 225 1099 „
251 995 324 1075 ui.
353 995 494 1073 Nonne
514 989 552 1067 8(
573 987 637 1087 ipsa
657 1012 705 1066 ex
726 989 855 1068 e'adent
878 1015 951 1089 qua
974 1016 1044 1070 uos
1064 995 1221 1074 materia
1244 997 1329 1074 sunt
1356 993 1542 1072 formati?

192 1155 225 1200 „
252 1097 474 1178 Studeamus
496 1089 614 1190 igitur
635 1088 777 1168 imitari
799 1114 887 1182 eos,
915 1113 955 1167 ut
978 1091 1111 1173 divino
1132 1095 1319 1191 'adjutorio
1340 1096 1387 1173 ad
1409 1118 1544 1176 eorum

189 1254 222 1300 ‚,
255 1187 688 1278 valeamusconsortium
702 1189 917 1291 pervenite.
945 1193 996 1270 Et
1007 1193 1328 1292 gavifinvetfiad
1341 1195 1544 1278 Orientem

190 1354 222 1401 ,‚
252 1299 380 1378 Deum
403 1299 505 1374 inter
528 1291 564 1371 se
583 1292 828 1371 mediatorem
852 1291 1073 1372 instituunt.
1103 1297 1215 1377 Tunc
1236 1298 1371 1397 pugnis
1393 1297 1545 1396 peslota

189 1455 222 1501 ,‚
251 1402 484 1489 tundentes,
511 1393 547 1470 8(
567 1396 702 1473 oeulos
727 1391 774 1492 ad
794 1393 935 1474 coelum
959 1394 1130 1497 levantes
1150 1421 1354 1478 oraverunt
1378 1399 1505 1475 Deum

188 1545 223 1602 3,
248 1520 302 1579 ut·
317 1499 420 1578 hunc
439 1498 569 1609 locum
598 1493 652 1574 eis
671 1495 886 1576 consecrate
915 1494 1170 1595 dignaretur,
1205 1521 1247 1579 ut
1281 1498 1334 1578 ibi
1359 1523 1474 1599 usque
1496 1452 1544 1584 acl

187 1657 220 1702 „
248 1600 352 1682 diem
372 1598 496 1678 exitus
516 1596 573 1672 sut
594 1595 656 1673 sua
679 1594 837 1696 protedii
857 1594 1010 1674 dextera
1042 1597 1100 1676 illi
1124 1598 1171 1679 stc
1192 1625 1343 1680 manere
1357 1623 1541 1679 meteren-

187 1758 220 1803 „
250 1725 333 1782 tur.
361 1703 476 1779 Tunc
503 1694 873 1797 gastinenense,
899 1697 936 1773 8(
962 1697 1085 1796 capita
1115 1700 1153 1777 in
1184 1721 1321 1781 tetram
1358 1720 1544 1801 ponentes

184 1860 218 1904 „
247 1806 402 1919 suasque
427 1800 573 1879 animas
599 1799 771 1876 Domino
797 1797 1130 1893 commendantes,
1157 1799 1333 1903 fignoque
1358 1801 1481 1881 crucis
1507 1799 1544 1886 se

182 1957 219 2002 ,‚
248 1923 466 1984 munientes
490 1899 713 1979 recesserunt
741 1896 853 1980 inde.
879 1899 952 1977 Sed
962 1899 1051 1999 quia
1077 1902 1543 1983 adhucmilitumconsot·

186 2057 222 2104 ‚‚
248 1999 346 2084 tium
373 2001 562 2082 declinare
587 1997 795 2097 nequibant
822 1998 951 2078 navim
989 2026 1077 2080 cum
1106 2004 1160 2083 eis
1185 2003 1332 2105 ingressi
1363 2003 1437 2081 Dei
1464 2001 1543 2104 gra·

183 2159 216 2204 „
245 2105 299 2186 tia
325 2122 545 2205 protegente
570 2100 616 2179 ad
643 2099 792 2178 Italiam
821 2123 1111 2200 pervenerunt,
1138 2105 1267 2205 ibique
1294 2106 1406 2185 solito
1434 2128 1546 2183 more·

181 2259 213 2307 ,‚
244 2206 528 2297 humilitatemt
554 2199 851 2301 patientiamque
873 2200 1056 2284 festantes
1068 2205 1329 2288 abstinentiam
1342 2208 1542 2301 ciborum,

180 2359 213 2407 „
240 2308 281 2385 8(
307 2310 510 2386 verborum
536 2304 577 2381 in
604 2322 751 2381 tanturn
778 2304 1001 2400 servabant,
1026 2327 1069 2385 ut
1095 2333 1228 2389 omnes
1254 2310 1543 2391 commilitones

66 2489 85 2511 χ
182 2410 431 2510 „stuperent
462 2432 473 2482 ε
519 2401 697 2482 Orationi
736 2401 955 2482 incessanter
993 2407 1258 2490 incumbentes
1295 2414 1542 2513 precabantur
1592 2457 1598 2500 ,v

185 2564 219 2610 „
249 2502 1065 2604 Deum‚uteorumvotumimpleret.Non
1084 2511 1541 2615 rnultoposiad‘eamdenr

184 2664 215 2712 „
245 2608 516 2694 insulamsunt
537 2602 673 2684 reversi
686 2601 773 2685 Deo
785 2606 897 2685 Duce
921 2609 1254 2695 commilitonibus
1276 2613 1347 2694 suis
1368 2614 1542 2715 ignotan-

181 2766 215 2813 ‚‚
243 2714 349 2794 tibus
374 2712 522 2792 locum.
548 2707 730 2808 Cumque
754 2707 909 2807 quidam
936 2735 1069 2791 eorum
1096 2742 1163 2797 eos
1183 2736 1389 2819 quareret,
1415 2717 1541 2794 &non

182 2866 214 2914 ‚‚
244 2812 459 2907 inveniret,
484 2806 730 2927 cunetislatus
752 2808 827 2889 hoc
853 2809 921 2924 suo
947 2811 1335 2915 tribunonuntiavit,
1360 2816 1426 2919 qui
1451 2840 1541 2897 con·

159 2967 212 3019 -,‚
241 2919 418 2997 turbatus
441 2934 608 3014 cogitare
634 2932 775 3012 corpu,
800 2933 907 3010 cutus
934 2913 989 2993 rei
1017 2921 1124 2998 causa
1152 2920 1331 3020 aufugere
1356 2916 1539 2999 decrevis-

182 3068 213 3115 ‚‚
241 3020 348 3115 sent,
372 3018 410 3095 8(
438 3013 594 3095 studiose
622 3010 887 3129 percundlatus
913 3014 966 3092 esi
994 3019 1102 3118 suos,
1128 3022 1152 3100 st
1179 3022 1376 3124 quisquam
1405 3044 1537 3100 eorum

181 3168 214 3217 ‚‚
239 3115 849 3217 aliquidlmoleliieeisintulisset,
876 3117 1542 3224 velsirlicujusminilieriolatibula

181 3269 216 3318 ‚‚
244 3217 479 3330 petivissent.
505 3215 686 3328 Qumque
696 3241 830 3294 omnes
843 3241 1024 3316 negarent
1036 3224 1109 3305 ait:
1130 3226 1266 3306 Senem
1281 3227 1389 3304 illum
1404 3224 1543 3322 sapien·

89 3397 97 3414 ,
182 3368 214 3420 ,,
241 3341 322 3400 tem
334 3321 444 3432 bonis
455 3316 867 3429 motibus-adornatum
881 3342 993 3416 quatu
1005 3326 1130 3405 ceteri
1143 3327 1348 3424 persuasisse
1361 3323 1540 3403 reomau

183 3470 213 3522 ‚‚
243 3414 802 3532 hocqurdamalianttummt:
829 3418 990 3519 Oquam
1005 3425 1108 3504 beati
1123 3428 1206 3521 illi,
1231 3422 1540 3528 quitettenemi·

181 3570 212 3624 2,
239 3523 324 3603 litie
352 3539 617 3598 renunciantes
643 3516 711 3596 solt
741 3517 827 3596 Deo
854 3520 994 3604 servite
1020 3526 1300 3607 decreverunt.
1339 3528 1441 3606 Natu
1471 3549 1542 3605 nos

181 3669 211 3724 ‚‚
239 3622 407 3730 vidimus
433 3646 496 3700 eos
523 3619 703 3718 semper,
724 3629 805 3719 q'uae
836 3620 912 3701 Dei
937 3626 1058 3725 sunt,
1082 3628 1119 3710 8(
1143 3654 1226 3730 quae
1251 3630 1297 3709 ad
1325 3626 1540 3706 animatum

181 3772 213 3826 ν,
238 3727 404 3814 salutem
426 3719 617 3823 pertinent
643 3733 752 3898 apere
772 3722 859 3835 ‚dc
887 3724 1043 3808 ttad'tate
1080 3732 1181 3810 unde
1206 3731 1395 3813 coniicere
1423 3726 1541 3830 possu-

181 3870 213 3926 ‚,
239 3851 348 3925 mus,
371 3849 438 3905 eos
463 3847 541 3902 non
567 3823 619 3902 ob
644 3820 749 3899 arud
775 3819 867 3920 ulfi,
902 3849 943 3906 ut
972 3829 1092 3912 libere
1120 3833 1207 3913 Deo
1234 3831 1368 3936 possint
1396 3829 1536 3910 servire

181 3971 213 4025 a,
240 3953 263 4005 a
290 3928 414 4008 nostro
439 3923 632 4004 consortio
668 3922 907 4039 secregntos‚
943 3932 1046 4032 quod
1073 3933 1248 4014 tribunus
1273 3933 1429 4011 audiens
1455 3954 1537 4031 gra·

49 4045 53 4054 '
182 4071 215 4128 s,
240 4028 313 4108 tias
338 4028 417 4126 egit
438 4028 532 4143 ‘Deo
547 4080 566 4143 .’
601 4023 638 4102 8(
665 4024 891 4138 benedtcens
928 4029 1005 4112 illis
1032 4037 1160 4114 navim
1186 4059 1275 4115 cum
1302 4035 1376 4113 suis
1402 4028 1538 4130 ingres!

185 4173 216 4226 v,
241 4134 301 4212 sur
327 4152 518 4232 proprium
546 4149 619 4206 tter
645 4146 745 4224 egtt.
772 4126 899 4206 Sandii
927 4156 1020 4212 vero
1044 4134 1104 4213 illi
1130 4135 1177 4214 ad
1204 4157 1376 4235 optatum
1405 4132 1537 4210 locum

181 4272 214 4333 t,
240 4228 503 4335 pervenientes
523 4226 638 4327 gavisa
665 4227 784 4322 sunt,
809 4228 948 4326 gaudio
976 4259 1115 4336 magno
1142 4236 1282 4316 valde.
1309 4235 1358 4312 Et
1385 4231 1539 4310 laudan·

138 4421 141 4432 ,
187 4361 217 4436 ι,
242 4357 299 4418 tes
324 4336 456 4416 Deum
480 4327 632 4430 ingressa
655 4328 743 4413 sunt
766 4332 933 4431 rubum5
956 4331 999 4418 in
1024 4361 1102 4438 quo
1128 4338 1359 4424 invenerunt
1388 4354 1537 4434 partem
1631 4399 1634 4406 ,

481 4473 486 4484 ‘
1328 4497 1332 4502 -
1398 4456 1490 4517 lem-
