3892 5342
437 411 1199 511 s.Lru1mi·r11Mrr‹rrars:
1391 429 1451 514 st

153 586 187 667 3,
212 580 337 666 runt,
373 567 583 667 dicebant,
617 571 721 674 quod
746 569 788 650 in
814 569 945 650 mense
969 568 1106 652 Madio
1131 570 1359 657 celebranda
1384 578 1510 675 esset}
1593 666 1597 673 ⁴

153 724 186 765 „
214 672 280 751 alii
307 696 399 752 veto
435 672 478 750 in
503 672 750 773 Septembri.
781 671 961 751 wTandem
999 697 1087 752 cum
1116 675 1310 759 Abbaritta
1336 682 1507 794 quadarn

154 824 186 868 ,‚
213 771 410 876 religiosa,
434 796 517 875 qnae
543 798 635 855 tuns
648 771 828 873 temporis
853 791 956 867 erat,
982 796 1070 852 cum
1099 774 1290 857 sororibus
1302 779 1377 858 furs
1398 778 1508 883 supet

155 908 191 969 s,
215 873 287 953 hac
313 899 353 952 re
379 875 419 955 in
445 897 572 957 errore
597 875 822 977 persisteret,
848 898 918 953 nec
943 873 1098 955 cuinam
1125 901 1259 956 eorum
1280 879 1408 981 potius
1428 906 1507 963 cre·

154 975 251 1069 „di
277 995 469 1076 oporteret
497 1000 564 1078 pro
591 996 696 1056 certo
719 975 854 1065 sciret3
880 975 927 1052 ad
952 974 1412 1079 infantulumquendam‚
1436 978 1506 1083 qui

156 1127 192 1171 „
215 1100 355 1177 magno
380 1095 459 1157 erat
485 1078 669 1177 languore
698 1077 915 1176 oppressus,
941 1075 1047 1173 cujus
1074 1078 1208 1157 domus
1234 1106 1313 1159 non
1340 1083 1454 1182 longe
1481 1109 1506 1162 a

156 1229 191 1273 „
216 1175 454 1258 Monasterio
472 1201 577 1272 erat3
599 1179 650 1255 D.
662 1176 835 1277 bigotius
858 1200 923 1276 per
937 1176 1178 1276 semetipsum
1191 1181 1362 1277 acceffit,
1387 1208 1505 1283 quem

158 1330 192 1374 ‚‚
216 1278 459 1376 territando,
482 1280 520 1360 8(
545 1280 644 1359 latus
669 1279 749 1377 ejus
774 1276 956 1379 pulsando
976 1277 1168 1361 suscitavit
1189 1280 1350 1363 diceus:
1387 1307 1505 1399 quare

155 1435 191 1478 „
215 1400 361 1461 tautum
389 1379 571 1483 soporatis
592 1385 606 1461 ἒ
629 1378 710 1460 Cui
736 1377 974 1461 infantulus:
1002 1379 1053 1457 Et
1080 1398 1123 1458 tu
1148 1380 1314 1480 quies,
1349 1408 1415 1483 qur
1443 1393 1509 1467 m'e

155 1537 189 1583 ,‚
211 1482 458 1579 mendicum,
482 1483 520 1560 8(
541 1480 583 1586 in
604 1501 681 1560 tam
693 1480 800 1583 gravi
812 1480 994 1582 languore
1022 1479 1195 1561 territas?
1220 1481 1301 1561 Cui
1321 1482 1358 1562 S.
1381 1512 1390 1562 :
1419 1483 1505 1584 Ego

154 1637 190 1682 ,‚
214 1583 295 1661 snm
317 1583 493 1684 Ligurius
507 1584 565 1662 Μ.
592 1582 714 1683 Cujus
739 1580 949 1663 infantulus
974 1582 1106 1660 audito
1132 1581 1292 1662 nomine
1318 1582 1507 1667 exanimis

154 1738 189 1783 „
214 1684 368 1764 effedlus
395 1684 466 1763 eli.
493 1684 572 1762 Cui
584 1687 711 1764 denuo
724 1685 762 1762 S.
781 1702 791 1761 t
811 1685 930 1780 Surge
951 1680 1152 1775 celeriter,
1178 1680 1333 1775 festina,
1359 1685 1507 1767 dicab-

149 1839 185 1889 ‚‚
211 1786 348 1865 batissae
376 1783 600 1864 Monasterii
627 1787 662 1862 S.
684 1781 905 1873 Laurentii3
930 1780 1020 1880 quia
1047 1780 1159 1861 tertia
1184 1781 1264 1860 dies
1288 1784 1341 1862 est
1366 1784 1507 1883 hodie,

147 1942 186 1994 ‚‚
210 1911 294 1986 quar
319 1910 403 1964 mea
430 1884 611 1964 festivitat
636 1881 846 1965 antecedit.
873 1882 977 1961 Nam
1009 1904 1064 1982 13.
1090 1881 1152 1963 die
1179 1881 1412 1981 Septembris
1438 1912 1503 1966 an-

144 2042 183 2092 „
210 2010 287 2063 uua
323 1984 422 2062 mibi
457 1982 547 2064 sella
581 1982 854 2076 celebrabitis3
890 1981 929 2060 8(
955 1981 1148 2083 postquam
1186 1981 1269 2063 hac
1296 1986 1505 2071 narraveris

143 2083 367 2197 „recipies
392 2083 447 2165 tui
475 2085 643 2184 corporis
666 2083 885 2165 sanitatem.
911 2080 1361 2166 Ethncdibioabsceflit.
1389 2089 1507 2171 Tune

149 2242 186 2296 ‚‚
209 2185 419 2266 infantulus
445 2208 584 2265 vocaus
611 2184 656 2264 ad
683 2185 719 2263 se
745 2204 904 2265 matrem
933 2183 1038 2264 suam
1063 2183 1154 2265 fecit
1179 2185 1216 2264 se
1242 2186 1330 2265 duci
1357 2189 1404 2275 ad
1417 2189 1507 2271 Mo·

147 2338 182 2393 „
207 2285 443 2383 nodedum,
480 2287 517 2364 8(
536 2286 653 2388 coepit
685 2311 748 2387 per
768 2286 942 2366 ordinem
976 2308 1164 2388 exponere
1187 2287 1388 2371 abbatissa
1409 2287 1505 2371 licut

147 2414 184 2496 3,
207 2388 267 2469 illi
294 2386 416 2469 suerat
440 2413 463 2467 a
489 2389 526 2467 S.
546 2386 703 2488 Ligurio
729 2385 973 2471 intimatum.
1000 2391 1096 2488 Quo
1121 2389 1217 2468 bene
1243 2390 1399 2489 cognito
1425 2392 1505 2473 Ab·

152 2549 183 2595 „
208 2488 336 2570 batilla
363 2486 503 2567 studuit
530 2486 628 2569 hanc
656 2489 929 2568 revelationem
952 2488 1139 2567 indicare.
1168 2490 1281 2568 Tunc
1295 2491 1504 2590 Episcopus

150 2649 182 2696 ‚‚
206 2587 388 2691 arripiens
402 2586 726 2691 Martyrologium
750 2588 803 2668 ita
824 2586 999 2685 invenit,
1024 2588 1117 2669 ficut
1139 2588 1187 2667 ab
1207 2587 1399 2669 infantulo
1425 2592 1503 2671 sue·

152 2749 181 2797 ,‚
207 2689 508 2791 ratpradifium
530 2748 542 2769 .
568 2692 660 2771 Nec'
680 2690 809 2770 miuus
833 2690 902 2769 sub
928 2692 1061 2769 eodem
1089 2690 1167 2769 ser'e
1194 2710 1365 2791 tempore
1392 2690 1503 2772 mira·

150 2851 180 2899 ‚‚
205 2796 337 2876 culum
359 2814 534 2873 exortum
556 2791 642 2886 esl3
677 2792 878 2892 Presbyter
904 2791 1058 2891 quidem
1085 2790 1298 2892 alienigena
1323 2793 1502 2874 Genuen·

150 2952 180 2999 „
205 2895 273 2992 sis,
298 2897 345 2975 ad
370 2888 567 2994 regionem
592 2895 729 2973 Vener.
757 2892 1071 3007 estdevolutus,
1106 2917 1271 2994 cumque
1298 2891 1354 2973 ibi
1380 2919 1503 2977 mota·

42 3050 50 3065 ,
80 3008 85 3013 ’
149 3056 180 3102 ,,
204 3017 317 3088 retur,
333 2996 465 3075 multis
491 2996 677 3098 oppressus
704 2993 998 3090 asflisltonibus‚
1025 2993 1173 3093 insuper
1199 2996 1236 3075 8(
1258 2994 1389 3085 lumen
1411 3022 1503 3077 ocu·

150 3100 330 3201 „loturo
356 3099 508 3177 suorum
536 3096 770 3199 perdiderat,
794 3095 832 3175 8(
854 3095 953 3177 intra
974 3095 1219 3194 semetipsum
1246 3096 1438 3196 cogitans,
1463 3099 1503 3177 8(

150 3254 178 3303 ‚‚
206 3201 374 3282 multum
401 3199 545 3299 ejulans
571 3198 784 3293 anxiando,
811 3197 1072 3298 gemendoque
1098 3198 1276 3278 dicebat:
1304 3197 1392 3277 Heu
1412 3197 1499 3299 quis

150 3358 178 3404 ‚,
204 3302 294 3385 vita
320 3325 413 3380 meae
440 3299 625 3379 auxilium
640 3300 844 3403 prebebit,
869 3299 954 3398 quie
981 3298 1022 3377 in
1049 3296 1209 3399 egestare
1231 3296 1495 3399 pofitosubve·

151 3462 179 3506 „
206 3403 322 3485 niet?
349 3400 416 3483 nist
444 3420 487 3482 tu
516 3401 718 3498 Domine,
751 3400 818 3501 qui
847 3397 988 3481 latroni
1016 3398 1242 3501 pepercisti,
1278 3401 1315 3476 8(
1342 3399 1498 3479 Petrum
1614 3422 1619 3445 ⁸

150 3507 479 3609 „lacrymantem
507 3502 718 3601 suscepisti,
743 3502 781 3580 8(
807 3502 1039 3580 chananeam
1064 3555 1078 3595 ‚
1103 3500 1139 3578 8(
1167 3498 1414 3599 publicanum
1442 3524 1499 3581 re·

149 3664 179 3711 „
205 3605 370 3709 cepisti3
407 3606 472 3683 Tu
501 3605 670 3681 Domine
707 3626 772 3704 per
800 3603 992 3703 Angelum
1022 3624 1130 3683 tuum
1157 3599 1392 3700 Raphaelem
1421 3601 1501 3680 To·

126 3766 180 3811 -„
206 3708 276 3789 bin
301 3708 435 3789 oculos
461 3702 684 3789 illuminasti
705 3702 792 3801 ,”8(
818 3729 882 3805 per
909 3703 1149 3804 temetipsum
1177 3726 1326 3781 coecum
1354 3726 1375 3778 a
1403 3701 1500 3781 natiss
1600 3726 1602 3731 ’

149 3866 178 3913 ,,
203 3809 323 3890 vitate
359 3807 579 3889 illuminate
615 3804 791 3907 dignatus
817 3830 888 3889 es.
924 3807 1031 3885 Cum
1068 3826 1159 3883 vero
1188 3802 1411 3897 intrinsecus
1439 3802 1500 3885 bis

149 3969 178 4015 „
204 3911 330 3991 verbis
357 3910 595 3993 confortatus·
625 3910 672 3987 ad
698 3905 902 3988 Ecclesiam
931 3906 972 3987 Β.
990 3905 1134 3989 Levita
1160 3904 1391 3999 Laurentii,
1428 3904 1500 3995 ubi
1530 3982 1556 3996 x

148 4072 177 4116 „
202 4013 242 4093 8(
267 4013 360 4093 RB.
390 4014 512 4092 M.m.
537 4009 719 4111 Ligurii,
751 4009 789 4087 8(
814 4007 968 4089 Barbati
995 4032 1152 4108 corpora
1179 4005 1418 4103 requiescunt
1440 3998 1500 4113 irp'

149 4172 181 4218 ‚‚
205 4115 447 4211 dubitanter,
474 4113 703 4209 accersisset,
739 4110 775 4188 8(
803 4107 1043 4210 introgressus
1070 4105 1297 4219 vestibulum
1323 4102 1503 4217 Ecclesia

150 4270 180 4318 „
206 4215 303 4297 fixos
327 4217 470 4295 habens
496 4215 628 4295 oculos
655 4214 697 4291 in
722 4210 882 4293 Caelum
908 4210 1036 4290 clauso
1061 4231 1127 4287 ote
1152 4225 1276 4287 oravit
1303 4205 1348 4299 ad
1362 4207 1499 4283 Domi-

152 4374 185 4419 ‚‚
205 4345 300 4398 nurn
321 4373 336 4418 ,
361 4333 404 4395 ut
431 4342 494 4419 per
530 4318 567 4397 8.
588 4316 624 4395 8.
660 4312 835 4415 suffragia
860 4311 1078 4419 dignaretur
1109 4306 1146 4387 ei
1172 4305 1326 4409 aliquod
1350 4303 1501 4420 ,slipen-

148 4420 312 4522 pdium
341 4418 429 4600 vit}
454 4417 704 4520 impendere.
740 4414 1031 4591 Cnmpletaquled
1056 4406 1231 4495 oratione
1267 4407 1314 4488 ad
1332 4428 1502 4594 fratitum

254 4531 362 4606 Tum.
425 4529 456 4600 s.
1348 4532 1449 4597 utttt·
