3892 5342
473 281 533 386 46
714 271 815 356 Du
877 270 1446 354 Mouassanro

409 480 438 526 ‚,
461 448 536 530 que
562 424 685 505 facere
710 417 903 516 voluerit,
928 437 1008 497 tam
1036 417 1078 499 in
1093 418 1172 501 vita
1199 448 1284 503 mea
1308 448 1498 526 quamque
1520 422 1599 525 pon
1610 424 1777 508 obitum

410 580 438 626 ‚,
463 553 593 611 rurum
613 581 627 623 ‚
651 524 690 602 sic
716 521 743 602 sr
767 545 1009 624 quacumque
1038 523 1198 621 potestas
1216 546 1371 609 terrena
1398 530 1460 605 vel
1489 583 1722 605 .......
1757 587 1772 609 .

408 683 438 727 „
463 684 622 710 .....
650 626 713 705 seu
739 622 910 726 qualibet
935 620 1116 703 instrnsia
1145 627 1299 724 persona
1327 628 1530 708 hominurn
1554 682 1567 726 ,
1593 627 1772 731 fiuepro·

411 785 438 830 ‚,
465 728 598 832 pinqui
625 726 688 808 vel
715 724 885 807 extranei
910 744 1044 805 contra
1072 725 1176 807 hunc
1214 728 1392 827 juditium
1421 754 1587 827 meum,
1623 732 1687 809 vel
1714 752 1777 811 te·

410 885 441 934 ,‚
466 832 697 912 sianrentum
735 829 790 907 ire
817 826 1063 942 temptauerit
1099 850 1164 909 aut
1192 854 1435 931 corrumpere
1462 831 1527 911 vel
1554 828 1728 911 minuere
1756 888 1776 932 ‚

411 988 442 1034 „
467 956 533 1013 aut
560 929 779 1011 subtrahere
816 930 1019 1022 voluerit,
1056 953 1123 1029 pro
1149 930 1287 1031 quovis
1314 934 1504 1035 ingenio,
1529 933 1697 1015 incurrat
1724 933 1776 1015 in

411 1088 442 1135 ‚‚
468 1029 845 1130 DeiOmniporentis
857 1029 1192 1126 maledictionem,
1219 1034 1775 1134 &partemaccipiarcuntilio

413 1191 442 1236 ‚,
467 1135 562 1236 Juda
590 1133 772 1213 traditore
799 1130 947 1233 impio,
973 1131 1041 1232 qui
1069 1135 1233 1217 tradidio
1251 1137 1468 1215 Dominum
1499 1135 1681 1214 Nostrum
1709 1137 1774 1235 Je-

413 1291 440 1340 ,‚
467 1240 549 1317 surn
575 1234 802 1329 Christum,
829 1234 867 1312 sic
893 1234 940 1311 de
966 1233 1173 1315 centesimo
1201 1234 1337 1317 osiavo
1350 1239 1500 1316 Psalmo
1526 1239 1597 1336 (8)
1624 1238 1774 1314 senten·

411 1396 440 1439 ‚,
467 1341 562 1419 tiam
592 1336 782 1437 patiatur,
807 1333 846 1412 8c
872 1332 949 1413 fine
976 1360 1156 1436 corpore,
1182 1339 1218 1417 8r
1247 1338 1427 1440 sanguine
1441 1340 1606 1417 Domini
1635 1337 1770 1416 Nossri

413 1495 441 1542 ,‚
466 1442 551 1540 Jesu
578 1436 725 1519 Christi
753 1457 841 1515 ante
869 1434 992 1535 ipsurn
1020 1437 1059 1515 in
1087 1439 1149 1519 die
1176 1440 1301 1536 juditii
1330 1462 1528 1543 appareat,
1554 1441 1590 1519 8(
1618 1438 1770 1539 insuper

414 1597 443 1642 „
469 1545 508 1621 in
531 1536 785 1619 anathematis
813 1537 978 1617 vinculis
1006 1536 1081 1640 ipse
1106 1564 1345 1642 permaneat.
1373 1544 1478 1621 Volo
1504 1540 1665 1640 &jubeo
1693 1540 1769 1625 hoc

413 1699 443 1745 ‚,
469 1639 735 1724 testamentum
762 1637 825 1716 vri
852 1637 1008 1736 juditius
1021 1666 1127 1722 meus
1140 1643 1304 1740 stabilis,
1329 1665 1442 1745 atque
1456 1638 1666 1725 immobilis
1689 1665 1769 1740 pcr-

414 1799 442 1845 ‚‚
468 1752 618 1825 maneat
631 1740 820 1843 perpetuis
833 1742 1092 1842 temporibus.
1119 1744 1280 1846 Signum
1293 1772 1426 1825 manus
1443 1744 1769 1825 DomAExcenen-

415 1900 444 1945 ,‚
470 1845 546 1925 tiss.
562 1846 660 1925 Petri
676 1843 822 1938 Ducis,
847 1843 911 1939 &s
923 1843 970 1943 9)
992 1844 1202 1946 imperialis
1213 1848 1396 1928 Consulis
1416 1848 1692 1947 propriantanu
1705 1845 1770 1920 sua

415 2000 444 2046 ‚‚
467 1971 559 2026 curn
584 1944 765 2025 consensu
794 1945 925 2044 populi
955 1946 1127 2026 Veneria
1155 1950 1348 2049 proprium
1388 1944 1534 2049 fignum
1562 1944 1693 2024 sanbia
1720 1946 1765 2035 ais

413 2100 442 2147 „
469 2044 657 2144 Domini,
682 2046 719 2124 8c
746 2044 787 2124 in
814 2045 889 2127 hoc
917 2045 1144 2128 testamento
1171 2051 1213 2131 in
1239 2052 1420 2131 omnibus
1447 2044 1719 2132 consentienti.

466 2303 493 2348 „
513 2251 558 2341 sit
582 2251 748 2351 Ioannes
774 2245 934 2329 dilei'tus
960 2248 1039 2346 ejus
1066 2251 1168 2334 silius
1200 2252 1299 2354 (ro)
1321 2253 1506 2356 gloriosus
1527 2254 1620 2330 Dux
1644 2247 1765 2360 Vena·

615 2405 644 2447 ‚,
668 2349 808 2429 riarum
840 2350 883 2429 in
907 2350 981 2431 hoc
1005 2354 1272 2437 testamentum
1296 2375 1447 2455 rogatus
1467 2353 1514 2431 ad
1535 2350 1653 2431 Ursus
1673 2349 1763 2448 Epr-

550 2542 553 2548 Δ
613 2502 641 2548 „
667 2451 933 2551 scopusumn.
957 2454 1000 2532 ss.
1307 2457 1313 2467 '

465 2606 493 2652 „
512 2556 557 2647 ᾧ
582 2554 667 2656 Ego
688 2553 821 2633 Helias
849 2551 1067 2635 Patriarcha
1092 2557 1106 2655 (
1132 2558 1212 2656 11)
1238 2583 1328 2639 curn
1363 2554 1629 2640 successoribus
1668 2549 1764 2628 meis

615 2709 643 2751 „
669 2679 877 2735 commune
903 2657 1087 2737 consensu
1113 2685 1228 2739 rnrn.
1254 2661 1297 2739 ss.
1345 2725 1350 2735 .

465 2807 493 2852 ‚,
518 2754 732 2836 Deusdadit
760 2755 961 2837 Tribunus
989 2760 1113 2843 Presb.
1142 2760 1359 2841 Vitalianus
1384 2757 1687 2841 Archidiaconus
1707 2775 1764 2832 ro

533 2922 536 2926 .
618 2910 646 2951 ‚,
671 2877 780 2957 gatus
802 2858 848 2936 ad
872 2859 1045 2942 Domino
1067 2865 1185 2945 Ursus
1207 2862 1415 2965 Episcopus
1442 2870 1556 2942 tntu.
1576 2861 1619 2940 ss.

465 3009 492 3052 ‚,
520 2957 705 3038 Patricius
731 2958 773 3037 in
799 2958 902 3039 hunc
931 2962 1198 3046 testamentum
1227 2991 1341 3044 narn.
1369 2966 1411 3044 ss.
1756 3056 1758 3059 ¹

466 3111 494 3153 „
520 3059 964 3144 DominicusTribunus
983 3065 1025 3145 in
1047 3069 1151 3148 hunc
1173 3065 1444 3148 testamentum
1463 3084 1616 3167 rogatus
1637 3061 1683 3140 ad
1694 3058 1775 3141 Ura

616 3214 645 3257 ‚‚
671 3162 733 3242 sus
747 3161 955 3266 Episcopus
975 3193 1025 3246 nr.
1042 3195 1092 3249 m.
1115 3171 1157 3249 ss.
1763 3238 1767 3247 .

466 3311 494 3357 ‚‚
520 3262 680 3361 Joannes
704 3263 902 3345 Tribunus
924 3267 965 3346 in
989 3271 1092 3352 hunc
1115 3270 1380 3352 testamentum
1404 3289 1557 3372 rogatus
1582 3265 1628 3346 ad
1649 3262 1767 3373 Ursus

617 3365 878 3468 „Episcopus
905 3394 1019 3450 m.rn.
1048 3374 1090 3453 ss.

465 3515 494 3560 „
520 3463 691 3549 Andreas
714 3468 929 3647 Csoritareni
965 3471 1009 3553 in
1036 3475 1139 3555 hunc
1167 3472 1435 3579 testamentum
1463 3492 1617 3573 rogatus
1644 3470 1692 3549 ab
1718 3466 1766 3547 eo

617 3620 645 3665 ,‚
670 3588 715 3650 tt.
759 3596 786 3649 s.

460 3719 490 3765 „
515 3666 667 3749 Fuscari
696 3670 896 3753 Tribunus
922 3674 1025 3755 filius
1052 3675 1165 3758 Dedo
1188 3678 1388 3761 Tribunus
1408 3677 1456 3757 in·
1473 3679 1547 3757 hoc
1568 3644 1771 3757 testamen-⁴
1817 3748 1821 3751 ,

614 3822 642 3868 ,,
668 3790 888 3876 rorogatus
913 3778 962 3856 ab
987 3805 1035 3861 eo
1055 3782 1105 3859 tt.
1131 3781 1174 3861 ss.
1574 3796 1578 3801 ·

432 3969 1172 4005 m-

415 4074 490 4176 (ι)
515 4077 691 4196 Michaes
721 4087 935 4189 Theophili
962 4090 1000 4170 8<
1028 4090 1240 4175 Theodora
1267 4092 1368 4172 filius
1394 4095 1614 4173 Graecorum
1642 4095 1770 4195 scopo.

519 4204 626 4263 rrurn
648 4190 841 4290 capessivit
867 4189 946 4291 post
973 4193 1122 4276 Patrem
1148 4220 1248 4275 anno
1276 4203 1358 4295 842.
1386 4193 1466 4295 post
1490 4193 1593 4276 diern
1622 4225 1679 4276 ιο.
1702 4198 1770 4275 seu

500 4282 748 4381 ··iurtsa1ios
775 4312 833 4392 30·
859 4291 994 4378 manns
1018 4294 1187 4399 Januarii
1214 4352 1224 4378 .
1261 4295 1527 4381 Emortualern
1555 4297 1771 4415 Theophili

522 4458 528 4467 ·
1638 4425 1717 4500 erus
