3892 5342
487 339 572 444 326
748 335 850 422 Da
909 339 1483 426 Monasratro

422 539 450 587 „
478 486 612 590 templi
640 487 823 569 vetustate
847 485 1000 570 diruti·
1034 488 1132 590 Quo
1153 484 1233 566 viso
1258 484 1455 588 ampliorit
1479 485 1611 567 latitie
1636 489 1777 588 gaudio

420 643 449 688 „
473 589 561 670 sunt
588 588 751 692 repleti,
771 611 889 690 atque
912 591 1129 671 exultanter
1144 590 1370 668 canebant:
1394 589 1485 667 Hac
1512 590 1660 690 requies
1686 617 1771 674 rnea

426 743 456 788 „
480 690 524 769 itt
548 690 728 770 sarculum
753 691 879 771 sarculi
904 692 1001 786 dte,
1026 690 1093 768 ubi
1120 712 1209 767 curn
1237 688 1315 791 poll
1343 689 1407 769 vie
1432 689 1603 772 laborem
1629 689 1774 771 resedis-

420 844 448 904 η
473 792 582 887 seut²
605 816 715 871 more
738 792 852 873 solito
875 811 1074 893 coeperunt
1100 788 1313 874 sannorum
1328 791 1538 890 priscorum
1549 793 1774 876 memoriam

350 995 352 998 Ι
422 945 453 988 „
475 916 611 991 agere,
636 917 846 995 eorumque
869 896 1072 995 pressuras,
1093 892 1132 972 a
1157 892 1376 1006 angustiae,
1399 917 1490 992 quar
1517 891 1777 1007 intergallulis

420 994 665 1092 „speluncis
690 996 750 1075 vei
777 994 949 1076 cavernis
974 1016 1086 1078 tetta
1108 993 1355 1072 sustinuerant
1382 993 1610 1072 lacrimabili
1630 1019 1771 1073 memo

419 1145 448 1190 ‚‚
475 1094 532 1171 tia
557 1095 776 1191 recordati,
813 1097 853 1176 8<
875 1096 1039 1197 qualiter
1065 1095 1142 1195 posi
1168 1117 1259 1189 tot,
1294 1094 1331 1171 bt
1358 1115 1484 1172 tantae
1505 1093 1772 1176 tribulationes
1832 1159 1848 1188 s

418 1249 449 1292 „
473 1219 621 1275 aterna
647 1197 909 1278 retributionis
934 1196 1098 1298 gloriam
1122 1196 1363 1294 recepissent,
1387 1195 1511 1274 &boc
1528 1195 1777 1278 conserentes

417 1347 445 1391 „
471 1296 645 1375 lacrimae
668 1297 825 1378 sundere
852 1300 1156 1395 noncevabtnt,
1176 1296 1772 1399 &plusquanillicaliqooten·

418 1449 446 1494 ,‚
474 1423 565 1495 pore
589 1396 737 1478 fuerant
774 1399 950 1478 Domino
986 1399 1231 1493 militantes,
1256 1400 1432 1498 Quadam
1469 1396 1535 1475 die
1554 1398 1609 1475 ait
1634 1397 1774 1480 beatur

420 1548 449 1595 „
474 1500 712 1598 Gregorius:
749 1501 945 1580 Carissimi
969 1500 1105 1582 fratrer
1124 1500 1191 1580 lixi
1220 1501 1261 1581 in
1286 1500 1473 1579 continua
1495 1498 1674 1577 oratione
1693 1524 1775 1578 ma·

421 1650 449 1695 „
476 1622 655 1696 neamus,
681 1601 719 1680 8<
746 1600 977 1702 postulemus
1001 1628 1023 1678 a
1043 1599 1241 1699 Domino,
1264 1622 1455 1701 quatenus
1476 1599 1517 1678 io
1545 1600 1774 1700 pacedigtte·

420 1751 450 1797 ,‚
477 1722 538 1778 tur
566 1701 748 1800 suscipere
771 1705 921 1784 animat
944 1703 1114 1782 nostras:
1141 1703 1177 1783 a
1202 1701 1371 1782 conversi
1398 1704 1446 1779 ad
1470 1700 1670 1780 Orientem
1692 1727 1774 1781 ora·

420 1851 449 1898 „
475 1803 565 1881 bant
593 1802 761 1885 dicentes
782 1835 797 1884 r
822 1804 1083 1905 Deprofundit
1103 1804 1270 1884 clamavi
1295 1804 1346 1881 ad
1367 1824 1406 1882 te
1428 1802 1602 1881 Domine
1623 1803 1697 1882 dvc,
1721 1804 1775 1882 Et

419 1904 614 2000 „iterum
639 1906 779 2006 respice
808 1909 978 1987 Domine
1006 1910 1112 2008 super
1138 1906 1321 2007 indignos
1341 1901 1508 1984 mmulor
1530 1924 1653 2001 tuos,
1710 1903 1777 1982 uia

420 2004 516 2100 „in
555 2025 594 2082 te
629 2007 889 2103 confidimus,
927 2031 964 2086 te
993 2008 1228 2100 laudamus,
1262 2029 1301 2086 te·
1324 2007 1563 2102 adoramut‚
1592 2003 1671 2106 poll
1728 2028 1776 2084 ue

420 2157 448 2201 ,‚
474 2104 611 2205 fingnlt
651 2109 766 2187 tacite
800 2134 1011 2187 oraverunt
1038 2166 1055 2186 0
1090 2110 1141 2188 Et
1178 2109 1240 2187 hir
1273 2105 1395 2185 finitio
1427 2130 1506 2187 una
1539 2130 1640 2185 voce
1671 2105 1771 2185 dixe·

419 2260 446 2301 „
474 2231 562 2283 runt
604 2236 614 2284 ε
664 2212 863 2309 Speranter
899 2212 940 2291 in
981 2209 1158 2288 Domino
1188 2208 1447 2311 misericordia
1477 2207 1771 2286 circumdabit.

418 2359 447 2403 „
473 2311 571 2407 Quo·
594 2310 779 2392 versiculo
803 2311 929 2408 didio,
950 2311 1070 2424 ‘humi
1094 2313 1128 2389 le
1149 2310 1358 2404 dederunt,
1384 2308 1777 2388 &norsaneiiffr‘mu

300 2470 307 2474 .
418 2461 448 2504 „
473 2410 617 2488 animat
642 2416 743 2492 toelo
770 2415 1011 2494 tedidetunt:
1037 2417 1221 2514 Quorum.
1244 2411 1408 2511 gloriosa
1430 2435 1590 2511 corpora
1615 2411 1775 2511 perplu-

417 2564 445 2608 ,,
473 2510 567 2588 rima
594 2539 782 2596 annorum
809 2517 931 2615 spacia
955 2516 1135 2595 omnibus
1162 2513 1362 2616 incognita
1386 2513 1540 2591 suerunt
1557 2569 1574 2589 .
1596 2509 1772 2616 Michaei

418 2669 447 2710 „
473 2613 695 2712 ditissime,
722 2620 761 2697 8<
787 2618 1038 2699 nobiliffimur
1065 2616 1123 2695 vir
1150 2614 1260 2695 illiue·
1282 2614 1417 2694 insula·
1437 2612 1651 2694 elefantioo
1672 2636 1772 2700 mor·

417 2768 446 2811 „
473 2717 522 2794 bo
549 2716 687 2797 aeriter
711 2720 919 2815 laborant,
955 2719 1021 2821 qui
1048 2717 1091 2797 itt
1116 2716 1280 2798 medicis
1300 2717 1423 2797 multa
1447 2717 1710 2818 expenderat,
1733 2714 1771 2796 d<

416 2870 445 2913 ‚‚
472 2816 574 2896 nihil
599 2820 775 2914 adjutorii
803 2822 1016 2918 sentiebat„
1034 2819 1140 2920 quast
1161 2820 1347 2898 omnibus
1361 2818 1771 2921 consumptudespen·

417 2971 447 3014 „
474 2935 533 2996 tut
559 2919 604 2999 de
631 2921 755 3001 salute
778 2924 1004 3002 humanitus
1027 2924 1075 3002 ad
1102 2922 1300 3002 Deumse
1321 2921 1545 3016 convertit,
1562 2917 1771 2999 oranter&

416 3072 444 3113 ‚,
470 3018 601 3099 dicent
627 3024 660 3099 se
686 3024 761 3106 hoc
786 3026 864 3105 suit·
886 3023 1082 3104 demeritit
1107 3023 1312 3116 meruisse,
1346 3023 1410 3102 sed
1432 3023 1543 3103 illiue
1564 3019 1775 3099 misericor·

418 3118 574 3214 „diam
604 3122 841 3222 invocabat,
877 3124 945 3226 qui
971 3151 1039 3225 per
1062 3123 1267 3202 Haliseum
1298 3125 1561 3225 Prophetam‚
1597 3131 1773 3201 Naaman

420 3275 448 3318 ‚,
474 3222 623 3299 cutavit
651 3251 671 3302 a
699 3228 826 3325 lepra,
853 3249 895 3305 ut
923 3227 959 3305 se
984 3225 1564 3326 quoqueliberaredlpnatetun
1590 3224 1775 3322 Cumque

409 3375 445 3418 -„
475 3321 533 3400 hit
560 3324 668 3403 dialis
695 3329 876 3429 lacrymis
902 3326 1154 3421 madelmus,
1180 3326 1396 3428 &suspiriis
1417 3325 1576 3406 affectus
1598 3328 1774 3406 membra

417 3423 622 3539 „dedisset
651 3429 771 3526 sopori
795 3434 819 3527 ,ἶ
844 3430 1044 3509 asiitetunt
1067 3428 1107 3507 ei
1134 3426 1276 3528 praelati
1314 3429 1385 3506 viri
1414 3430 1453 3506 in
1480 3426 1667 3526 Angelica
1697 3428 1770 3524 spe·

418 3576 448 3620 „
474 3549 533 3601 cte
561 3528 596 3604 ei
623 3530 818 3612 dicentes:
839 3534 924 3612 Cur
950 3530 1178 3631 angustiaris
1194 3531 1376 3626 ohomo,
1401 3531 1440 3609 dt
1459 3529 1620 3609 afficeris
1647 3528 1776 3607 tedio:

417 3677 445 3721 ‚‚
471 3625 624 3722 Surge,
660 3632 697 3709 8(
724 3634 846 3728 vide,
879 3633 951 3711 ubi·
977 3635 1140 3726 sumus,
1172 3631 1213 3708 8<
1236 3631 1343 3732 eripe
1365 3657 1432 3709 not
1459 3634 1507 3709 ab
1535 3628 1775 3708 infestatione

418 3778 446 3823 ‚,
472 3750 699 3826 porcorum,
724 3734 787 3832 qui
819 3761 887 3813 not
914 3734 987 3813 suit
1016 3732 1243 3810 stercoribus·
1263 3733 1405 3811 cotidie
1425 3729 1771 3824 infestarenortcel·

417 3856 448 3924 ς,
471 3827 582 3907 sant.
619 3835 735 3930 Quod
764 3836 786 3913 fi
816 3836 973 3931 fecerit,
998 3833 1231 3915 retribuetur
1256 3834 1354 3929 tibi,
1378 3835 1432 3912 fin
1456 3858 1584 3914 autem
1613 3831 1775 3916 deterso·

416 3981 445 4028 2,
474 3953 512 4010 ra
540 3931 722 4028 patieris.
752 3939 865 4017 Tunc
894 3938 961 4015 ille
988 3934 1269 4038 expergefaetus
1297 3938 1408 4014 latur.
1429 3939 1477 4016 de
1502 3937 1651 4017 vifione
1675 3932 1776 4011 sloli·

416 4084 447 4127 n
470 4031 563 4109 dum
587 4033 623 4111 se
651 4036 832 4118 miserum·
857 4038 1042 4132 dicebat,
1078 4037 1144 4138 qui
1171 4061 1309 4114 eorum.
1335 4042 1498 4116 nomina
1529 4065 1612 4117 nott
1631 4035 1772 4137 quasis·

418 4186 444 4228 ,‚
472 4133 559 4210 set.v
598 4135 714 4215 Mane
752 4167 844 4218 veto
881 4139 989 4219 sabio
1017 4141 1180 4217 domum
1213 4139 1414 4238 egredient-
1446 4142 1612 4220 obvium
1637 4135 1774 4220 babuit

416 4286 446 4328 „
471 4237 676 4340 quemdam
702 4242 902 4322 subulcum
938 4261 1189 4335 currentem,
1225 4242 1262 4318 8<
1289 4242 1390 4341 quod
1419 4243 1565 4324 viderat
1591 4242 1774 4321 nunciare

416 4386 449 4434 ¹‚
471 4338 718 4439 cupientem.
741 4343 824 4424 Cui
847 4367 941 4426 curn
963 4342 1149 4424 retulisset.
1173 4340 1322 4422 dicent:
1350 4348 1465 4428 Eram
1490 4348 1532 4429 in
1555 4347 1671 4427 Samo
1694 4371 1777 4444 por·

1141 4481 1146 4501 ·-
1657 4470 1727 4524 cos
