3892 5342
406 300 727 394 Snucrr
786 308 1233 392 Seruauit.
1358 332 1442 418 279

172 458 288 541 troilo
314 456 484 538 dirutum
520 459 646 559 polica
681 455 937 553 invenirent,
970 458 1187 557 quodcum
1213 480 1262 536 etr
1287 458 1418 538 divina
1446 484 1515 541 vo,

169 563 318 643 irrotare
343 560 554 660 prodigiose
577 559 704 638 aslum
729 579 833 638 cette
857 560 1144 658 cognovissent,
1169 559 1347 638 statutum
1371 560 1438 639 stbi
1459 563 1520 641 ia·

169 662 272 742 boris
297 662 455 740 modurn
479 663 526 745 de
550 682 687 765 caetero
713 681 936 761 prevertere
958 660 1244 741 ausinoniunt.
1260 660 1407 753 Hanc,
1428 663 1522 759 plu«-

170 763 357 863 rimasque
383 763 474 841 alias
498 763 708 863 Seraphicae
737 762 885 859 Virgini
911 761 1024 841 sabias
1048 762 1337 862 apparitiones,
1362 761 1521 861 ejusque

121 870 125 877 '
168 863 341 944 eximias
354 862 537 960 virtutes,
560 861 872 959 &admirabilia,
897 865 1037 965 quibus
1061 863 1261 942 affluenter
1284 862 1404 940 ditata
1415 861 1516 958 suit,

169 964 336 1044 coelellia
359 966 586 1044 charismata
621 964 700 1043 susc
722 959 767 1042 'in
793 964 873 1059 eiua
900 964 980 1043 uita
1005 964 1125 1043 latine
1149 984 1299 1043 exarata
1324 962 1519 1041 enarravit

171 1066 390 1145 Franciscus
413 1068 602 1167 Georgius
628 1065 895 1145 celeberrimus
924 1064 1142 1144 Minoritici
1155 1065 1311 1143 Ordinis
1326 1064 1525 1163 Scriptor,

169 1165 237 1266 qui
260 1165 387 1245 Clara
412 1167 631 1269 aliquandiu
657 1167 729 1245 suit
753 1192 776 1242 a
802 1165 1134 1260 Consellionibus,
1157 1188 1207 1244 ex
1228 1190 1307 1345 qua
1330 1163 1524 1263 gestorum

171 1267 252 1364 ejus
287 1268 420 1347 seriem
455 1294 546 1347 erun
585 1268 754 1348 hausrlset
782 1268 1023 1368 Wadinghut
1056 1266 1322 1347 admirabiern
1353 1263 1526 1363 Virginis
1630 1328 1636 1333 .
1723 1234 1729 1245 ⁸

171 1366 292 1446 vitam
318 1369 419 1468 quast
445 1372 673 1470 compendio
698 1371 784 1449 usus
819 1368 862 1450 in
885 1369 1091 1449 annalibus
1113 1367 1270 1447 inserult
1296 1367 1413 1447 Tum
1435 1387 1529 1443 avr·

172 1478 354 1568 pagngo.
374 1472 421 1547 ad
443 1498 586 1550 annunt
612 1500 718 1572 ¹514·
1304 1492 1311 1501 ·
1630 1520 1643 1557 s

222 1574 373 1649 Interea
398 1571 550 1651 Bratrix
575 1574 728 1673 eiusque
765 1572 873 1651 socia
896 1596 994 1650 cunr
1013 1570 1063 1649 ad
1086 1569 1286 1669 Religinsae
1319 1565 1528 1646 inliiturin-

169 1669 233 1749 nis
253 1670 583 1771 complementum
613 1674 838 1773 Apostolica
863 1671 1147 1772 approbationis
1172 1694 1312 1748 munus
1338 1667 1405 1746 srbi
1425 1667 1527 1747 decb
1633 1766 1638 1775 ⁹

166 1770 208 1848 se
234 1774 528 1873 cognoscerent,
554 1775 812 1854 Alexandrum
837 1774 903 1851 vt.
927 1792 1161 1865 exorarunt,
1184 1792 1228 1848 ut
1253 1768 1322 1848 srbi
1348 1768 1389 1847 in
1410 1768 1529 1849 dumo
1634 1844 1639 1862 ,

163 1873 220 1973 ,εδ
245 1873 397 1949 Helena
424 1875 542 1951 Vioni
569 1899 638 1975 pro
662 1877 730 1951 usu
755 1872 961 1952 mulierum
1001 1875 1213 1972 regularem
1240 1870 1359 1949 vitam
1385 1868 1527 1947 ducem

168 1970 415 2070 cupientium
437 1974 585 2073 legata,
609 1974 845 2075 propriisque
871 1974 1082 2073 sumptibus
1105 1972 1287 2070 ampliata
1311 1970 1381 2048 sub
1401 1993 1528 2070 perpe·

168 2089 238 2147 tua
262 2072 467 2168 clausura,
490 2076 530 2151 8c
554 2100 644 2151 cura
671 2077 844 2152 Fratrum
874 2073 1077 2151 Minorum
1113 2074 1163 2151 de
1185 2072 1443 2151 Obseruantia
1467 2069 1527 2147 vi·

170 2194 294 2264 tere,
327 2172 367 2249 u
391 2173 581 2251 virtutum
610 2175 782 2252 Domino
806 2173 1173 2266 famulati‘licerct,
1208 2198 1367 2272 quarum
1395 2189 1487 2250 uota
1513 2223 1529 2266 ,

166 2294 257 2349 curn
286 2269 408 2351 facilis
431 2275 629 2373 excepisset
644 2274 843 2367 Pontifex,
867 2299 969 2352 anno
997 2275 1103 2353 Min.
1129 2273 1192 2354 die
1218 2297 1289 2351 νη.
1315 2274 1529 2372 Septembr.

167 2370 451 2451 Archidiaconn
479 2374 651 2452 Ecclesia
679 2373 902 2468 Nonensts,
936 2396 1029 2452 tunc
1069 2375 1243 2453 Veneriis
1268 2372 1527 2453 commoranti

165 2495 233 2569 per
261 2473 479 2570 apostolica
504 2475 639 2574 scripta
666 2474 884 2569 mandavit,
910 2495 953 2551 ut
980 2474 1140 2573 praefatis
1165 2475 1357 2552 sororibus
1375 2471 1528 2549 uorman

161 2596 254 2648 rum
272 2565 417 2669 capella
434 2572 644 2669 retinendi,
668 2576 707 2655 8<
729 2600 771 2651 tn
787 2602 833 2653 aa
860 2573 1040 2674 subruta
1060 2572 1240 2653 dissutum
1262 2581 1436 2652 Fratrum
1454 2569 1527 2672 sub

158 2691 341 2770 perpetua
361 2668 531 2774 clausura
552 2675 798 2774 permanendi
823 2676 1041 2756 facultatem
1070 2675 1289 2777 Apostolica
1313 2674 1526 2753 authorira·

168 2791 208 2849 te
234 2775 495 2876 impertiretur
517 2778 625 2874 (C).
653 2779 830 2875 Ejusdem
857 2778 994 2857 deinde
1020 2777 1156 2857 mensas
1183 2778 1245 2856 die
1272 2797 1377 2852 rutra.
1405 2778 1523 2854 Guar·

164 2870 305 2972 dt'ano,
328 2877 380 2956 Θ
397 2876 592 2957 Fratribus
610 2876 739 2957 domur
758 2888 795 2958 S.
807 2877 998 2978 Franciscr'
1017 2879 1252 2961 Veratianum
1273 2874 1524 2957 OrdinisFra·

165 2993 270 3054 arran
291 2977 480 3058 Minorum
500 2978 804 3079 deobseroantia
816 2980 887 3081 sub
906 2977 1296 3059 excommunicationis
1315 2994 1414 3075 penu
1433 3004 1525 3076 prro·-

165 3079 298 3177 cepit,
322 3102 365 3158 ut
384 3079 673 3180 quotiescumque
685 3105 753 3180 pro
770 3105 880 3180 parte
898 3079 1111 3161 earumdem
1133 3074 1363 3160 Monialr'um
1374 3078 1525 3159 fuissent

169 3176 360 3276 requr‘fitr',
385 3207 499 3256 unum
520 3210 567 3258 ax
576 3182 760 3281 fratribus
776 3177 979 3262 laudabilis
999 3182 1093 3262 vr'tae
1112 3240 1127 3279 ,
1158 3182 1227 3282 qui
1245 3208 1374 3261 curam
1393 3206 1523 3285 aarum

167 3300 343 3377 gereret,
367 3279 544 3377 depurata
566 3285 767 3363 deberent.
793 3286 908 3383 AEgre
936 3285 974 3361 id
999 3284 1337 3363 onerissubierunt
1350 3283 1527 3374 Fratres,
1557 3310 1562 3313 ¹

168 3403 345 3481 cumque
360 3380 439 3460 tria
460 3376 541 3501 alia
564 3382 789 3486 Mnaasterr'a
806 3382 954 3463 Ordinis
974 3385 1120 3462 Sanun
1137 3378 1289 3478 Clara,
1307 3383 1375 3459 sub
1387 3403 1523 3460 cotum

168 3480 358 3581 tegimine
378 3483 584 3564 constituta
610 3486 650 3564 in
674 3488 930 3587 spiritualibus
963 3486 1302 3579 administrarent,
1336 3505 1410 3561 nec
1433 3504 1526 3578 pru«

171 3598 275 3663 terea
297 3585 460 3667 aliarum
487 3586 842 3669 Sanuimontuinm
866 3614 999 3669 curam
1024 3589 1130 3669 salvo
1150 3584 1348 3687 religionis
1373 3580 1522 3662 institu-

172 3700 217 3793 to
243 3687 497 3790 susciperetse
521 3690 620 3789 passe
643 3691 916 3790 cognoscerent
939 3695 956 3791 (
980 3692 1020 3769 D
1042 3690 1091 3786 l,
1129 3689 1290 3768 tertioa
1318 3680 1521 3764 Pontificio

174 3784 328 3877 tullione
354 3791 422 3869 uir
444 3792 579 3892 elapso.
596 3793 722 3870 mense
748 3793 914 3874 humiles
928 3787 1102 3872 Pontifici
1130 3813 1258 3892 preces
1269 3788 1518 3880 obtulerunt,

130 3923 133 3929 ·
176 3884 393 3996 efficacibus
418 3895 545 3973 verbis
567 3893 841 3989 oslendentet,
871 3916 1060 3997 quantum
1085 3916 1136 3971 ex
1159 3916 1276 3971 onere
1301 3889 1369 3969 fibi
1396 3908 1521 3987 nuper

175 3988 351 4085 tmpostto
375 3993 493 4074 nimis
514 4017 796 4096 gravamntur,
818 3997 859 4074 δι
883 4022 907 4074 a
933 3992 1114 4095 regularis
1139 3991 1229 4069 vita
1254 3987 1438 4069 exercitio
1463 4008 1521 4095 te·-

176 4088 451 4192 traherentur,
502 4121 733 4201 uapropter,
767 4121 859 4179 cum
883 4120 932 4174 ex
962 4098 1036 4176 hoc
1055 4089 1179 4191 potius
1198 4089 1410 4168 animarum
1424 4105 1526 4183 paru*

178 4183 298 4288 urla,
314 4220 428 4293 quam
437 4122 542 4295 serius
565 4200 835 4301 provenirent,
852 4196 1111 4297 Apostolieant
1120 4192 1402 4294 benignitatem
1413 4188 1522 4265 obte-

179 4283 395 4396 stabantur,
420 4318 462 4379 ut
488 4300 674 4384 contnrissi
699 4301 768 4385 stbi
793 4297 993 4402 regiminis
1016 4300 1210 4379 decretum
1230 4290 1478 4470 rescindesseg·
1488 4283 1527 4365 8<

1371 4415 1393 4469 a
1420 4412 1438 4470 t

196 4650 211 4683 (
