3892 5342
507 329 578 428 as,
606 343 928 426 Renuntiemus
961 356 1018 420 ua
1050 337 1263 449 Juuntcn':
1465 371 1488 456 ς

204 510 239 601 ,’,’
257 495 342 579 scut
366 484 583 576 cardinalis
611 490 764 577 Pisanus
791 490 995 584 Venetus,
1031 511 1144 591 atque
1171 490 1234 569 alii
1265 490 1377 570 multi
1405 493 1553 577 nobiles

205 655 233 698 „
259 597 437 689 Veneti,
473 616 514 672 ut
543 593 759 673 facultatem
787 592 1008 669 concederet
1035 592 1274 670 construendi
1301 593 1551 675 Contentum

204 734 232 800 ,·,
256 698 358 778 intra
386 695 446 774 vel
460 696 708 776 extraurbem
723 695 932 786 Venetam,
954 690 1171 793 iuberetque
1184 695 1330 773 Fratres
1344 698 1553 777 Provincia

206 856 235 899 „
258 797 465 877 S.Antonii
488 852 501 892 ,
528 819 571 875 ut
597 795 708 874 illum
736 814 1008 894 acceptarent,
1032 794 1099 894 qui
1123 796 1419 893 multiplicandis
1444 824 1487 877 ea
1510 799 1552 877 in

207 956 235 1000 „
260 900 364 978 Urbe
376 896 825 978 Coeuobiisreststebant.
851 902 973 989 Bono,
1000 893 1333 995 inquitGeneralis
1360 897 1399 976 in
1421 899 1554 978 sunte·
1654 928 1657 933 ¹

206 1056 233 1100 „
257 1001 386 1101 gesto,
410 994 1013 1092 modohoceitnrgarenonpotui,
1036 1020 1117 1074 tum
1135 1015 1282 1094 propter
1292 1025 1469 1096 magnam
1495 998 1554 1078 bo-

207 1157 234 1201 „
257 1127 338 1177 rum
351 1098 591 1178 Dominarum
606 1102 847 1200 potestatem,
873 1116 953 1173 tum
959 1117 1105 1194 propter
1110 1096 1216 1193 pium
1225 1126 1312 1196 erga
1321 1094 1553 1198 Religionem

205 1255 233 1302 „
258 1198 618 1303 nostramaffeilum.
645 1197 804 1301 Conceffi
828 1195 954 1296 itaque
980 1196 1040 1275 die
1068 1227 1125 1297 29.
1141 1206 1177 1299 J
1178 1194 1247 1276 ulii
1271 1196 1485 1297 licentiam,
1512 1223 1554 1282 ut

206 1308 516 1404 „construeretur
543 1305 752 1378 Conventus
779 1324 895 1376 nottcts
922 1296 1006 1399 five
1032 1296 1073 1375 in
1099 1301 1219 1394 urbe,
1247 1298 1333 1401 five
1366 1299 1407 1378 irr
1426 1302 1553 1400 subur·

204 1454 232 1501 ‚,
255 1400 350 1498 tiis,
372 1400 453 1503 five
480 1399 520 1479 in
545 1395 633 1480 locis
661 1396 937 1496 adjacentibus,
962 1425 1116 1499 eumque
1144 1422 1377 1498 acceptarent
1402 1411 1553 1482 Fratres

201 1558 228 1603 „
248 1500 432 1603 pradilia
456 1500 696 1596 Provincia,
732 1498 835 1599 cique
853 1496 1096 1598 providerent
1120 1498 1167 1580 de
1191 1502 1416 1598 Fratribus,
1451 1498 1552 1584 aliis·

199 1659 228 1703 „
251 1630 321 1705 que
347 1602 449 1683 rebus
475 1602 677 1708 necaffariis
686 1630 706 1705 ‚·
729 1596 824 1701 quod
842 1600 879 1702 st
902 1594 1066 1696 nollent,
1092 1601 1284 1704 constitui,
1310 1625 1352 1682 ut
1376 1599 1551 1691 devolve

173 1739 228 1804 ’„
253 1727 352 1784 retur
379 1702 594 1789 immediate
621 1705 671 1783 aa
689 1701 902 1803 maximum
929 1696 1144 1801 Capitulum
1168 1699 1382 1801 Genaua,
1407 1701 1475 1785 vel
1501 1704 1552 1785 nd

197 1860 226 1906 „
253 1805 467 1920 Ministrum
503 1805 544 1884 in
568 1833 608 1884 co
632 1801 877 1903 eligendum,
911 1800 976 1902 qni
1002 1803 1208 1904 secundum
1241 1801 1301 1883 rei
1320 1803 1550 1904 exigentiam

199 1961 228 2005 „
248 1906 493 2006 providebit.
530 1903 710 2010 Constitui
746 1903 891 2005 insuper
915 1902 1212 2007 Commiffarium
1247 1903 1302 1984 rei
1334 1908 1550 2006 peragenda

199 2060 228 2106 „
245 2006 409 2108 fratrem
432 2015 738 2095 bonaventuram
756 2013 966 2101 Venatum,
1002 2028 1045 2084 ut
1064 2002 1174 2106 plene
1192 2004 1425 2107 satisfaceret
1449 2006 1550 2089 votis

197 2158 227 2207 „
245 2107 503 2207 preditlorum
527 2118 776 2208 Magnarum.
790 2111 867 2189 ⁴An
894 2130 986 2186 uero
1013 2107 1135 2209 postea
1160 2108 1392 2193 construam
1415 2108 1460 2194 ua
1481 2109 1549 2196 bie

183 2261 227 2319 x„
246 2210 503 2311 Conventus,
529 2233 596 2294 aut
622 2210 796 2313 quisnam
820 2207 866 2290 fit
890 2207 1017 2295 adbm
1034 2234 1105 2293 'me
1132 2210 1246 2297 latet.

627 2388 630 2393 ,
680 2424 792 2498 Anno
820 2417 1068 2500 bexxuttr.

244 2671 274 2715 „
299 2616 511 2699 Gatharina
534 2616 729 2699 Cornaria
753 2616 850 2713 olim
876 2616 1002 2718 Cypri
1013 2615 1162 2719 Regina
1188 2616 1257 2696 sub
1283 2632 1406 2695 morte
1424 2617 1546 2697 Vene-

194 2758 223 2815 Υ,,
249 2719 313 2799 tiis
338 2719 533 2816 sancivit,
569 2740 612 2798 ut
637 2717 818 2798 Cornatii
845 2718 901 2796 sui
928 2718 1100 2818 germani
1128 2718 1275 2796 Fratres
1301 2740 1348 2795 ex
1374 2716 1444 2796 alle
1471 2715 1545 2796 ha·

194 2869 223 2915 „
249 2821 353 2900 redes
386 2822 582 2900 Fratribus
618 2820 817 2920 Regularis
854 2819 1115 2899 Observantiae
1151 2817 1389 2897 Cnenobium
1428 2841 1545 2916 prope

193 2972 223 3017 „
246 2920 422 3001 Calltum
451 2922 639 3000 Francuru
667 2941 905 3000 extruerent.
931 2919 1125 2999 florentia
1153 2918 1266 2996 vidua
1278 2915 1436 3018 Georgii
1448 2919 1545 2997 Cot·

192 3068 225 3117 „
249 3020 347 3102 narii
382 3022 605 3102 Catltarinre
637 3018 783 3101 fratris
819 3020 918 3100 olim
954 3021 1129 3118 conjux,
1165 3042 1253 3098 cum
1291 3043 1387 3118 opus
1422 3019 1542 3119 negli-

190 3162 221 3216 3,
243 3123 284 3223 gi
311 3122 457 3204 videret
484 3125 658 3203 suadente
684 3124 816 3203 Fratre
830 3124 1097 3203 bonaventura
1119 3123 1271 3199 Veneto
1298 3118 1434 3219 inligari
1455 3145 1545 3214 cone

189 3272 218 3319 „
242 3224 464 3321 cinnatnre,
488 3225 694 3326 &Regina
720 3224 815 3303 olim
842 3250 863 3301 a
890 3221 1207 3317 conselsionibus,
1232 3220 1370 3324 emptis
1390 3220 1545 3321 quibus·

61 3386 68 3397 .
189 3372 218 3418 „
243 3327 330 3404 dam
366 3326 577 3423 domibus,
607 3327 800 3428 &amplo
826 3325 998 3429 pomario
1025 3322 1230 3404 Ecclefiatn
1266 3323 1336 3402 sub
1361 3321 1479 3401 titulo
1505 3323 1542 3399 S.
1620 3422 1625 3427 y

189 3476 218 3523 „
245 3424 380 3506 Maria
408 3428 682 3527 Angelorum,
717 3426 971 3509 &humilem
995 3426 1252 3505 Contentum
1291 3425 1359 3502 lub
1385 3420 1543 3502 nornine

191 3576 218 3623 „
244 3527 387 3615 Eremi
401 3553 518 3645 prope
545 3531 719 3609 lacunam
747 3529 970 3610 edificavit.
997 3529 1103 3606 Cum
1131 3548 1259 3605 autem
1273 3525 1543 3607 bonavemura

189 3680 218 3725 „
242 3628 517 3710 Bernardtnum
538 3631 737 3711 Ochinum
761 3632 992 3728 Senensem,
1015 3629 1208 3709 celebrem
1235 3649 1328 3709 tuac
1354 3624 1543 3715 interCa÷
1616 3636 1621 3646 ‘'

187 3778 214 3827 ‚,
240 3731 422 3832 puccinos
443 3732 594 3833 virum,
618 3729 1317 3824 aintersecutaresconc-ionatorem,
1339 3726 1541 3826 pradican-

186 3882 217 3933 ‚,
242 3854 321 3913 tem
349 3856 429 3915 non
455 3835 571 3915 semel
597 3835 777 3934 audisset,
802 3837 839 3915 se
864 3837 1050 3934 lauroque
1075 3831 1313 3913 Coenobium
1342 3829 1402 3909 illi
1428 3826 1541 3909 tradi·

175 3981 217 4043 N„
240 3933 321 4032 dit,
347 3955 623 4040 neutrumque
648 3939 721 4016 sun
746 3958 965 4039 aggregaret
976 3935 1167 4016 societati.
1194 3930 1566 4034 ltaprimamhauo

188 4084 219 4135 „
243 4034 365 4150 sedem
392 4037 608 4140 Capuccini
634 4038 809 4120 Venetiis
837 4039 1066 4138 posuerunt,
1089 4061 1174 4138 qua
1199 4035 1241 4114 in
1267 4034 1541 4131 majoremcte·

189 4157 302 4235 „vit
327 4140 644 4240 amplitudinem,
670 4142 761 4221 dum
785 4167 892 4222 anno
923 4170 1029 4242 ¹577·
1057 4141 1217 4217 Senatus
1250 4137 1302 4217 ob
1329 4137 1538 4215 lolemnent

188 4286 218 4336 ‚,
243 4242 676 4323 uotumillullriffimum
705 4243 759 4324 ibi
773 4244 983 4352 Templum
995 4238 1226 4323 construxit.
1254 4236 1450 4338 Quintum
1462 4235 1540 4315 hoe
1627 4296 1630 4305 ,

186 4382 218 4441 a,
243 4340 295 4426 eli
321 4341 531 4428 Provinciae
562 4342 717 4430 Veneta
745 4346 858 4449 hujus
883 4342 1048 4427 inllituti
1073 4338 1339 4431 Cettuulriutu·¹
1382 4420 1497 4517 Am
