3892 5342
423 274 507 382 24..
677 256 1415 354 DaM'oia'r'srrsrtd

355 418 464 522 piune
482 442 572 519 erga
591 415 832 516 Seraphicam
853 409 1088 512 Religionem
1105 413 1276 516 affeffum
1296 416 1420 515 {cnm
1441 411 1508 501 bor
1526 422 1588 502 eie
1604 402 1712 527 negi-

358 548 400 601 re
420 550 492 601 non
507 520 621 623 posct
642 517 837 600 Generalis
858 572 872 613 2
898 516 959 597 dic
987 538 1091 594 xxrx.
1117 518 1211 616 Julii
1232 513 1427 597 licentiam
1448 525 1644 643 concefflt,
1671 552 1712 607 ut

360 644 597 703 extrueretur
610 628 820 701 Conventus
844 612 927 718 sue
948 616 989 694 in
1008 618 1095 697 urbe
1113 673 1127 714 ,
1155 617 1240 718 sve
1260 618 1301 697 in
1316 618 1533 719 suburbiis,
1568 652 1631 705 cur
1656 628 1714 709 rei

354 720 573 822 peragendae
596 731 766 800 Fratrem
787 725 1091 798 Bonauenturam
1110 720 1182 819 (de
1208 745 1285 820 quo
1298 744 1387 800 mox
1399 723 1601 803 dicendum
1615 729 1714 827 erit)

362 823 658 926 Commisarium
674 820 861 902 instituit.
889 828 952 896 An
970 823 1094 919 posiea
1113 819 1331 923 conslrubius
1352 821 1714 907 sueritbicConven·

361 947 442 1019 tus,
469 925 575 1025 (qui
602 949 641 1003 re
668 950 757 1003 vera
783 921 987 1001 aedificatus
1013 920 1086 1000 suit
1113 920 1126 1016 )
1153 923 1188 999 se
1215 923 1396 1022 ignorasse
1423 922 1593 1004 fatetur.
1630 929 1715 1009 Post

364 1027 445 1107 hac
472 1024 631 1121 deinde,
657 1025 748 1125 rium
775 1022 874 1124 gella
901 1024 1067 1102 recenset
1093 1021 1316 1122 anni1538,
1341 1023 1593 1105 Catharinanr
1618 1030 1716 1110 Cor·

264 1134 278 1143 '
366 1128 511 1206 nariam
541 1126 665 1228 Cypri
677 1124 788 1205 *olim
816 1122 1004 1223 Reginam
1034 1121 1145 1202 refert
1172 1123 1240 1202 sub
1267 1145 1431 1204 mortem
1443 1126 1618 1208 Veneriis
1639 1133 1716 1210 san·

362 1226 478 1322 xilla,
506 1250 546 1304 ut
562 1220 741 1304 Cornirii
771 1222 825 1301 sui
835 1222 1020 1303 Germani
1035 1225 1205 1319 Fratres,
1231 1224 1406 1304 &errasse
1434 1225 1598 1309 hatedes
1623 1238 1715 1310 Fra·

366 1322 482 1406 tribus
509 1322 702 1423 Reguloris
738 1322 989 1424 observantie
1016 1324 1229 1402 Coenobium
1259 1347 1371 1425 prope
1404 1331 1578 1428 Castrum·
1597 1332 1744 1415 Fran.

302 1448 306 1457 ·
366 1453 450 1508 cum
476 1448 705 1507 extruerent.
735 1427 844 1505 Pium
872 1451 965 1526 opus
991 1421 1160 1525 suprema
1188 1429 1341 1527 Reginae
1369 1429 1566 1511 voluntate
1592 1433 1717 1517 decre·

364 1548 449 1609 turn
476 1554 566 1609 curn
593 1527 736 1633 negligi
765 1528 909 1623 videret
934 1521 1126 1604 Florentia
1153 1525 1276 1605 vidua
1302 1524 1450 1624 Georgii
1469 1530 1720 1615 coenatica<

272 1660 273 1663 ¹
365 1628 522 1708 tbarinae
544 1626 684 1706 Fratris
711 1623 802 1706 olim
822 1627 981 1724 conjnx,
1000 1623 1182 1726 suadente
1201 1637 1333 1708 Fratre
1343 1638 1607 1713 Bonaventnra
1633 1638 1649 1733 (
1672 1635 1722 1714 il-

366 1730 507 1830 leipse
533 1730 800 1811 Bonaventura
836 1727 924 1823 eli,
956 1754 1075 1830 quem
1100 1731 1411 1810 Commiliariunt
1449 1731 1612 1811 elebium
1640 1759 1720 1815 me·
1748 1748 1768 1800 Γ

368 1852 584 1910 mutaverat
611 1830 657 1908 ad
683 1854 827 1909 annum
859 1857 875 1909 1
883 1856 903 1928 ς
934 1828 1002 1923 ts)
1030 1836 1162 1910 Veneto
1183 1829 1318 1932 insgni
1336 1828 1587 1912 concionatore
1617 1863 1629 1927 ς
1664 1834 1715 1915 Θ·

364 1930 516 2030 Regina
536 1925 672 2008 olima
692 1928 805 2033 Conse
830 1857 996 2025 ionibus,
1022 1930 1153 2029 emptis
1172 1931 1389 2033 quibusdam
1410 1931 1576 2012 domibus
1597 1930 1719 2015 Eccle-

358 2028 460 2135 sarn
481 2026 683 2133 subtitubo
704 2039 741 2110 S.
813 2029 900 2112 arie
920 2025 1181 2129 Angelorum,
1217 2031 1266 2113 Θ
1285 2028 1463 2113 humilem
1484 2038 1722 2133 Conuejntum

358 2130 606 2235 subeamne
625 2129 751 2213 Brenn
776 2128 888 2232 ¹prope
904 2127 1081 2212 lamnam
1102 2130 1342 2235 ndibcauit,
1367 2157 1479 2235 atque
1503 2136 1546 2215 in
1573 2163 1622 2218 eo
1647 2138 1720 2217 Bo·

366 2256 618 2313 narenturam
656 2234 776 2334 ipsum
816 2234 1032 2315 solitudinis
1069 2262 1199 2316 amore
1223 2258 1377 2339 captum
1405 2237 1584 2317 induxit.
1611 2241 1717 2319 Cum

332 2354 459 2423 ,uero
483 2335 754 2415 Bonaventura'
775 2336 981 2439 aliquando
992 2337 1265 2419 bernardinum
1277 2337 1476 2437 Ochinurn
1488 2340 1719 2436 Senensem,

342 2437 429 2538 ·qui
456 2460 505 2516 ex
521 2436 826 2517 observantium
856 2437 1056 2516 Minorum
1084 2446 1188 2519 cnetu
1214 2438 1603 2539 acha'ppuccinorum
1615 2440 1721 2520 Con·

263 2564 264 2567 ‘
364 2538 625 2637 gregationem
652 2561 783 2618 recens
808 2558 979 2617 exortam
1009 2538 1225 2630 transierat,
1250 2539 1452 2635 aliquando
1476 2541 1649 2617 Veneriis
1676 2541 1718 2619 in

364 2637 528 2717 Ecctefia
554 2640 616 2717 SS.
644 2632 915 2754 Apostolorum
940 2639 1235 2727 concionantem
1262 2636 1418 2713 audisset
1438 2689 1468 2747 ,⁸
1489 2637 1718 2750 viriis-cun·

363 2738 450 2829 dia,
475 2739 513 2815 8<
540 2736 702 2818 instituti
729 2739 851 2839 rigore
880 2741 1038 2819 alletius
1055 2738 1100 2836 se
1113 2737 1294 2846 suumque
1316 2734 1530 2814 caenobium
1564 2734 1624 2815 clla
1644 2762 1720 2818 tra-

364 2833 488 2935 didit,
515 2857 759 2936 neutrumque
772 2840 849 2937 sue
861 2860 1075 2938 aggregaret
1085 2832 1258 2932 societati
1269 2895 1278 2914 .
1306 2836 1392 2935 Hoc
1407 2837 1579 2917 Venetiis
1591 2840 1719 2924 osium

364 2938 472 3018 inille
498 2942 600 3016 anno
633 2967 737 3038 1541.
776 2941 929 3020 testatur
956 2932 1335 3048 ipse‘Wadinghus,
1370 2938 1436 3041 qui
1463 2940 1717 3023 catherinam

209 3094 219 3101 .
257 3068 259 3071 ·
358 3040 591 3120 'Corneliam
618 3041 712 3120 olim
740 3040 865 3141 Cypri
894 3040 1082 3140 Reginam
1103 3065 1151 3114 tn
1172 3064 1255 3115 eam
1278 3066 1356 3149 rem
1377 3043 1594 3142 testamento
1610 3062 1718 3141 pecu·

365 3138 472 3220 niam
492 3139 685 3242 asegnnse
711 3142 857 3238 asserit,
884 3166 967 3220 eam
997 3140 1142 3247 lortalse
1170 3141 1374 3241 pecuniam
1388 3143 1577 3245 innuens,
1604 3170 1720 3244 quarn

359 3266 437 3346 pro
473 3242 690 3323 animando
727 3243 824 3346 apud
851 3240 1027 3322 Castrum
1068 3240 1255 3321 Francum
1282 3242 1479 3326 Coenobio
1514 3273 1536 3325 a
1573 3246 1723 3347 Regina

359 3345 567 3439 flaturam,
592 3343 703 3447 ipfius
731 3345 894 3425 haredes
920 3342 1116 3424 inveneri
1137 3344 1369 3425 Conventus
1395 3346 1643 3426 aedificatione
1666 3350 1724 3437 in·

369 3446 635 3545 sumpserunt.
673 3448 771 3529 Rem
808 3468 855 3529 et
881 3443 1005 3546 ipsius·
1031 3445 1271 3528 celeberrimi
1298 3446 1478 3526 Historici
1505 3446 1721 3531 Annalibus

179 3579 184 3589 ¹
269 3619 275 3629 .
352 3546 617 3629 ‘erliibemum
768 3566 771 3573 ·
1155 3610 1170 3626 ,.

358 3658 367 3705 2
410 3670 428 3701 ²·
584 3734 590 3743 ,
805 3688 809 3693 -
873 3655 984 3731 Anno
1010 3649 1214 3732 Muxxxrr.

362 3772 370 3805 r
404 3786 447 3807 .a
647 3790 653 3799 -
729 3776 751 3797 ἰ
796 3790 804 3799 -
1043 3766 1045 3777 ¹
1082 3772 1114 3789 ¹·

361 3842 395 3907 ἶ»)
420 3892 448 3956 ς,
477 3855 633 3959 Magna.
651 3852 851 3949 inflantia,
877 3852 1087 3959 multisque
1124 3854 1262 3938 litteris
1288 3874 1448 3960 egerunt
1474 3856 1572 3963 apud
1601 3853 1723 3935 Mini-

361 3964 402 4055 a„
425 3958 543 4039 stiunt
569 3958 798 4038 Generalem
825 3958 1059 4039 Dominicur
1086 3960 1309 4040 Trivisanus
1336 3960 1494 4038 Senator
1522 3960 1726 4058 Venetus,

372 4098 400 4156 ·„
424 4060 551 4165 Eques
571 4114 585 4157 ‚
605 4059 647 4138 ἃ
675 4054 899 4138 Procurator
925 4062 961 4139 S.
990 4060 1149 4165 Marci,
1176 4063 1348 4140 uniuersa
1375 4061 1459 4158 ejus,
1479 4059 1658 4156 familia,
1684 4062 1723 4140 8<

362 4194 411 4259 r„
428 4163 591 4260 Ioannes
608 4159 835 4240 ¹Cutneliris
870 4163 1003 4243 Frater
1029 4164 1242 4243 Germanus
1278 4162 1476 4262 Francisci
1505 4160 1724 4243 Cardinalis

281 4274 284 4279 ’
358 4268 402 4359 ¹·‚,
426 4261 628 4361 Corneliis
653 4282 744 4345 cum
770 4262 847 4347 suit
871 4263 1067 4370 cognatis,
1088 4264 1130 4344 ’ἃ
1156 4264 1357 4366 affinibus,
1384 4289 1455 4348 nec
1482 4264 1724 4441 nonffcancl-

416 4396 422 4407 .
481 4401 517 4435 ,ἡ
770 4394 788 4412 ι.
843 4374 872 4413 .““.
1605 4386 1670 4445 eug
