3892 5342
453 316 493 401 S.
538 317 734 439 Mtutt
769 313 1249 397 nucu-nustricus.
1386 343 1467 421 ²29
1526 360 1572 397 s

115 442 118 450 λ
166 469 419 586 appellarunt
430 506 444 545 .·
465 457 567 544 Idim
575 462 732 566 luobus
742 484 951 560 contempta
962 460 1206 562 appellatione
1215 461 1424 562 hujusmodi
1432 468 1532 569 insit

167 594 258 669 esus
272 567 543 673 prosecutionis
556 565 776 666 tempus,de
787 590 865 665 quo
877 592 954 642 non
968 566 1160 647 modicum
1171 570 1380 667 supererat,
1403 573 1441 647 itt
1457 576 1530 652 Ab·
1585 612 1590 621 x

166 673 383 765 batissam,
408 671 572 768 aliasque
588 666 779 746 Moniales
801 665 1434 845 exeommunicationiffententiam
1449 694 1528 767 pro-

166 766 395 869 mulgavit,
420 784 549 869 easque
569 763 815 870 Ecciefiastito
828 766 1017 865 supposuit
1038 765 1174 846 intrudi
1212 797 1251 845 o.
1280 770 1435 868 lojustas
1457 771 1531 850 viri

166 874 396 967 molestias,
421 896 509 952 cum
522 870 720 948 Clementi
735 871 801 945 vt.
829 869 1023 946 Atinione
1045 871 1187 949 sedenti
1213 873 1426 953 retulissent
1442 874 1529 950 uto

167 975 328 1069 niales,
354 993 478 1052 toturn
501 971 553 1049 rei
577 970 773 1071 negotium
801 969 964 1049 Nicolao
992 971 1231 1051 Mauroceno
1258 973 1445 1072 Episcopo
1456 974 1530 1057 Ca-

167 1074 341 1155 stelsano
369 1073 543 1153 Pontifex
570 1072 837 1166 demandavit,
862 1097 964 1149 anno
996 1098 1101 1172 1352.
1128 1074 1189 1151 die
1216 1079 1251 1151 6.
1280 1075 1529 1171 Decembris,

166 1198 218 1254 ut
240 1173 382 1255 auditis
402 1171 488 1252 binc
500 1169 806 1281 indepropafitis,
827 1175 923 1270 quod
940 1169 1156 1250 canonicum
1174 1196 1347 1270 putaret,
1369 1169 1530 1272 appesia-

167 1275 283 1360 tione
299 1299 440 1355 remota
459 1276 684 1354 decerneret.
710 1273 797 1373 (G)
826 1273 965 1373 Qualis
992 1274 1082 1352 inde
1106 1276 1154 1353 ab
1174 1275 1362 1375 Episcopo
1385 1278 1529 1356 senten·

166 1379 230 1459 tia
262 1378 516 1479 processerit,
542 1377 767 1478 ignoratur.
795 1374 882 1454 Hoc
908 1396 1036 1455 autem
1065 1399 1119 1453 ert·
1132 1376 1409 1476 autographis,
1445 1402 1529 1476 quae

165 1502 338 1577 extant,
364 1478 627 1573 documentis,
652 1478 890 1579 exploratum
917 1477 993 1571 est,
1020 1477 1218 1557 Urbanum
1245 1479 1291 1554 V.
1317 1483 1330 1573 s
1352 1479 1415 1558 cui
1438 1481 1529 1558 San·

168 1581 670 1681 dimoniatesjsunmopere
692 1581 1023 1660 commendaverat
1037 1579 1196 1657 Senatus
1208 1579 1403 1674 Venetus)
1429 1604 1531 1659 anno

172 1684 453 1784 1369.d'se”19.
480 1684 579 1781 Sept.
607 1680 821 1779 frequentes
858 1678 1074 1772 hujusmodi
1112 1677 1343 1757 visitationes
1378 1678 1420 1760 in
1447 1706 1528 1760 rno-

158 1783 246 1878 d0,
275 1785 312 1863 8<
339 1808 500 1862 nurnero
527 1780 768 1874 moderasse,
796 1779 994 1872 statuens,
1022 1800 1064 1855 ut
1091 1779 1204 1856 semel
1234 1796 1393 1858 tantunr
1412 1779 1526 1860 inan·

166 1910 227 1962 no
256 1907 362 1960 extra
377 1880 600 1961 Monasterii
626 1880 726 1981 septa
748 1902 816 1976 per
825 1877 1028 1980 fenestram
1046 1869 1230 1958 craticula
1243 1878 1368 1978 ferrea
1387 1876 1527 1962 cancel-
1604 1924 1607 1929 ¹

167 1976 304 2063 iatam
316 1983 541 2062 Abbas'suat
569 1981 792 2059 vistacionis
817 1979 989 2059 officium
1017 2002 1232 2074 exerceret,
1258 2008 1373 2080 neque
1390 1979 1527 2066 danum
1587 2071 1589 2077 s

170 2105 246 2161 aut
272 2079 557 2182 subventionem
598 2076 764 2179 aliquam
788 2080 1033 2178 pecuniarum
1069 2110 1095 2159 a
1126 2076 1354 2162 Monialibut
1383 2082 1528 2162 ratione
1606 2130 1626 2153 ι

160 2181 382 2282 hujusmodi
401 2178 625 2283 visttationis
645 2184 845 2284 exigeret,
879 2183 1107 2283 quantitates
1138 2207 1265 2264 autern
1287 2187 1528 2284 expensarum

162 2283 317 2365 ratione
346 2280 606 2383 visttationis,
641 2305 754 2385 atque
786 2281 827 2360 in
850 2284 1080 2381 providendo
1111 2282 1156 2363 de
1172 2283 1374 2387 Confeffare
1398 2283 1528 2373 idoneo
1595 2336 1605 2379 r

161 2385 532 2468 Sandirnoniatibos
565 2381 805 2481 deputanda,
830 2386 926 2484 quod
954 2385 1194 2487 cistercienses
1220 2391 1363 2489 statuta
1380 2385 1528 2467 Ordinis

148 2486 351 2587 ,exiguum
371 2486 638 2565 observentur.
666 2486 755 2586 (H)
784 2486 841 2563 Etr
871 2486 939 2582 iis,
964 2512 1047 2587 qua
1073 2488 1119 2564 ad
1146 2486 1541 2584 jusdamjuriumsuo·'

161 2614 254 2670 rum
283 2585 536 2666 defensionem
562 2610 719 2688 egerant
746 2587 1094 2688 Sandimoniases,
1120 2589 1391 2669 excandescens
1416 2590 1522 2689 Jaco-

160 2692 237 2770 bus
267 2692 396 2769 Abbas
423 2687 644 2791 Abbatiffa,
670 2691 719 2769 (J
741 2685 969 2768 Maniait'bus
990 2745 1006 2786 ,
1027 2690 1108 2802 'qua
1129 2688 1365 2792 sapesapiur'
1382 2715 1521 2767 annua·

160 2790 238 2872 tim
260 2787 429 2892 confiteri
440 2786 635 2892 solebant,
659 2788 901 2892 Confeffltres,
926 2819 1012 2892 quac
1034 2792 1117 2891 tpsa
1137 2789 1348 2888 habebant,
1375 2791 1526 2871 indebiae

159 2914 201 2974 te
228 2893 450 2989 subtraxit,
491 2919 611 3073 mine
632 2886 681 2972 de'
699 2891 959 3005 Confieffo'ribus
985 2896 1091 2991 super
1110 2893 1175 2971 boc
1194 2890 1388 2972 humiliter
1405 2891 1522 2994 requi-
1649 2896 1654 2904 ’

153 2993 247 3097 fitur
266 2992 462 3093 providere
482 2989 548 3072 nul
565 3016 692 3072 atauus
717 2991 860 3073 volutt.
887 2996 1134 3096 Cuspabiletn
1161 2996 1293 3096 agendi
1308 2997 1522 3093 rationem,

159 3102 249 3175 curn
282 3119 329 3176 ex
355 3092 709 3202 Sandimoniasium
745 3098 867 3175 relatu
901 3097 1090 3178 didicisset
1117 3097 1323 3196 Gregorius
1350 3096 1395 3174 X.
1424 3098 1521 3175 Pon-

160 3196 259 3277 tifex
291 3195 487 3274 Maximus
513 3224 616 3275 anno
647 3200 839 3300 1371.die
868 3227 927 3294 27.
954 3197 1251 3299 AprilisAbbtti
1280 3200 1325 3276 de
1348 3197 1424 3275 Bur
1452 3224 1519 3277 un·

43 3355 50 3371 .
161 3296 348 3378 dionibus
368 3318 435 3392 per
456 3292 662 3397 Apostolica
683 3294 826 3398 scripta
847 3299 1077 3394 mandavit,
1103 3321 1279 3397 quatenus
1294 3296 1329 3397 ſs
1344 3224 1522 3397 puniatur

157 3403 181 3488 i
184 3397 320 3479 acubus
338 3393 474 3475 eisdem
494 3395 713 3501 Abbatiffa,
738 3397 788 3477 δ’
799 3397 1010 3477 Conventui
1023 3420 1092 3497 per
1111 3427 1172 3478 eas
1186 3400 1296 3498 super
1316 3397 1382 3477 boc
1401 3397 1518 3497 requi-

155 3499 249 3601 fitus
276 3496 601 3613 deconsafforibuc
621 3501 817 3601 providere
848 3501 1106 3601 neglexisset,
1140 3502 1216 3601 ipse
1243 3498 1288 3581 de
1309 3497 1518 3601 Conseffori·

164 3600 229 3683 dur
241 3596 434 3700 pradiddrt
456 3598 682 3679 authoritate
693 3594 902 3703 apostolica
906 3599 1288 3700 providerecuratet(
1300 3601 1361 3698 1).
1387 3602 1442 3681 Ut
1454 3625 1516 3681 ve·

163 3727 207 3780 ro
234 3704 367 3785 Abbas
393 3703 709 3801 Burgundionum
745 3702 886 3782 ntunus
920 3702 989 3783 fibi
1024 3727 1073 3783 ex
1100 3702 1319 3804 Apostolico
1347 3704 1517 3783 Decreto

163 3802 432 3884 demandatum
460 3804 734 3902 continuaret,
771 3805 892 3904 ipsum
920 3831 985 3905 per
1012 3807 1178 3886 Ducales
1205 3806 1378 3908 epistolas
1414 3802 1515 3885 etci-

164 3909 264 3985 tavit
292 3907 460 3985 Andreas
486 3907 741 3986 contarenus
766 3904 859 3986 Dux
888 3908 1136 3991 venetiarum
1173 3906 1234 3989 die
1262 3935 1321 3987 21.
1349 3908 1516 4009 Septent-

172 4005 249 4087 btis
275 4014 378 4109 auno
403 4019 512 4110 '1374
539 4008 645 4106 (K).

219 4110 326 4189 Dunt
354 4109 432 4188 hac
460 4136 528 4210 pro
554 4109 705 4189 meliori
740 4108 943 4210 spiritualis
978 4111 1068 4191 vitu
1093 4105 1280 4208 regimine
1317 4126 1514 4207 aguntur,
1637 4148 1643 4159 ι

169 4208 480 4289 Sandimoniaies
505 4238 527 4290 a
553 4211 659 4314 gravi
696 4210 839 4293 iterata
866 4209 1091 4289 visitationis
1124 4234 1240 4291 onere
1273 4208 1429 4301 solute,
1464 4207 1536 4287 de·

169 4310 429 4428 ²mP¹1³1¹dl⁵3
451 4312 491 4399 dt
515 4313 558 4404 itt
582 4314 785 4401 meliorem
811 4312 948 4412 datum
972 4311 1202 4419 adducendis
1221 4309 1516 4513 reddititgtittsacn-
