3892 5342
485 344 541 446 td
719 356 821 443 Da
880 356 1470 443 Moneta-aare.

423 564 453 611 „
479 506 670 591 ssitoendo
694 506 939 608 necessarior,
962 506 1187 592 aueioritate
1207 509 1355 589 Summi
1370 505 1566 589 Pontificio
1588 510 1774 618 quicquid

419 666 448 712 „
473 609 681 713 petieritis,
707 610 817 690 facile
843 610 1158 715 consequimini,
1195 612 1303 691 uobis
1327 611 1366 689 δι
1392 611 1473 697 aliae
1501 611 1666 694 rationes
1692 642 1777 699 nou

419 766 448 812 „
471 713 656 809 deerunt,
681 709 707 791 si
729 737 773 791 ea
799 712 839 790 in
861 737 964 815 parre
977 712 1165 793 Civitatis
1191 711 1450 791 aedificandum
1464 713 1654 809 jusseritis.
1681 720 1770 800 Hoc

422 814 701 914 „calamitoso
728 834 898 919 tempore
924 815 1139 897 educationi
1167 813 1335 893 filiorum
1375 815 1580 894 vestrorum
1607 818 1769 903 consuli·

420 968 449 1015 „
475 935 537 1015 te,
564 918 682 998 δοιιος
707 914 989 1017 disciplinarum
1017 915 1210 1016 magistrat
1236 915 1276 993 in
1305 916 1403 997 hane
1427 917 1574 996 Urbem
1601 940 1769 1023 vocate,

417 1069 451 1117 „
476 1017 520 1119 se,
540 1016 635 1097 forte
663 1018 734 1096 hac
760 1017 905 1097 ratione
932 1018 1045 1098 luxua
1071 1017 1158 1097 tolli
1185 1015 1317 1119 possit,
1344 1017 1548 1118 &aliquot
1573 1042 1653 1098 non
1679 1020 1765 1101 satic

416 1170 449 1220 „
471 1117 622 1236 probati
635 1143 758 1197 moret
769 1118 889 1220 erigi,
913 1120 1094 1221 aquibus
1117 1119 1279 1217 plurima
1299 1119 1476 1197 oriuntur
1487 1142 1662 1220 peccata,
1682 1146 1766 1221 quoe

420 1273 449 1318 „
475 1221 666 1302 interdum
693 1219 815 1317 same,
841 1222 1039 1301 interdum
1061 1222 1199 1317 bello,
1236 1220 1425 1301 interdum
1452 1221 1569 1303 eriam
1594 1221 1766 1325 peuiten·
1826 1220 1834 1231 '

422 1373 450 1421 „
477 1322 528 1402 tia
527 1322 691 1500 niumm
715 1322 953 1404 consueverit
982 1322 1175 1402 Dominus
1201 1322 1330 1401 Deua.
1360 1354 1367 1369 ·
1608 1364 1617 1377 ·-
1749 1374 1755 1383 -

471 1475 499 1518 „
575 1479 586 1499 .
613 1422 804 1502 Antonius
830 1424 1013 1505 Barbarus
1040 1426 1265 1503 Procurator
1290 1422 1517 1532 sententiam
1554 1425 1658 1505 suam
1685 1426 1766 1527 plu·

421 1577 450 1621 „
476 1524 582 1603 ribut
607 1525 731 1604 verbis
756 1526 912 1605 Senatui
938 1527 1098 1628 probare
1124 1524 1236 1605 nixus
1261 1525 1337 1622 est,
1362 1548 1545 1628 quaerat
1570 1582 1584 1627 ‚
1619 1548 1662 1607 ut
1693 1526 1766 1606 sor·

413 1660 449 1724 ·„
475 1627 719 1707 nra-rotunda
742 1628 952 1732 Templum
973 1629 1205 1727 erigeretur,
1231 1648 1275 1706 ut
1295 1652 1378 1728 quae
1400 1631 1559 1707 Senator
1589 1627 1763 1733 amplissi·

422 1779 449 1823 ‚,
475 1725 528 1804 mi
551 1727 698 1808 decreta
720 1750 852 1826 erant,
874 1726 1264 1831 magnifioentiffima,
1289 1730 1326 1808 &
1353 1754 1420 1832 pro
1438 1728 1672 1830 Reipublicae
1704 1731 1759 1807 di·

416 1829 618 1929 „gnitate
645 1829 813 1910 iacienda
831 1833 970 1929 eiient,
997 1833 1126 1912 locum
1160 1855 1253 1910 vero
1273 1828 1384 1913 illuni
1445 1855 1533 1933 rope
1562 1832 1600 1909 S.
1622 1829 1765 1919 vitalia

419 1981 448 2028 u
466 1932 590 2019 ‘adem
613 1929 680 2011 fibi
693 1932 863 2034 piacere,
884 1933 999 2013 etiam
1020 1931 1106 2013 aliia
1126 1935 1242 2013 modo
1253 1958 1330 2013 non
1353 1933 1391 2011 di
1445 1954 1571 2027 ratur,
1595 1933 1637 2013 ἃ
1651 1932 1768 2013 modo

410 2082 449 2129 .,‚
476 2031 636 2112 rotunda
657 2033 777 2114 sorma
809 2035 1014 2117 aedificetur
1044 2090 1058 2132 ,
1094 2060 1136 2114 ac
1173 2036 1304 2115 nobile
1336 2034 1525 2151 quoddam
1553 2034 1765 2212 Timsslim

418 2182 447 2228 „
470 2153 688 2215 extruatur.
716 2137 820 2217 Turn
833 2139 1049 2220 Leonardus
1063 2138 1260 2234 Donatus,
1283 2159 1349 2237 qut
1362 2159 1409 2213 eo
1420 2154 1643 2240 temporem
1683 2160 1758 2215 rru-

272 2324 277 2325 γ
420 2282 449 2329 ,,
471 2233 565 2335 cipis
587 2238 770 2339 Coiiegio
792 2266 870 2340 non
891 2240 1184 2335 numerabatur,
1209 2238 1270 2317 sed
1290 2235 1481 2316 Senatoris
1511 2240 1661 2317 tantum
1684 2260 1762 2338 per·

416 2386 445 2431 „
469 2336 598 2416 sonam
616 2339 809 2421 inSenatu
829 2346 1010 2444 gerebat,
1035 2341 1262 2422 concionem
1283 2335 1472 2436 ascendit,
1498 2336 1621 2441 stoque
1639 2339 1761 2418 adPa·

415 2485 444 2532 2,
470 2443 765 2527 tresconversua
785 2445 966 2548 loquutus
986 2444 1147 2526 dicitur.
1326 2522 1329 2529 .
1645 2508 1650 2517 .
1702 2514 1705 2525 .
1750 2488 1764 2545 ·,

464 2590 491 2635 „
518 2538 686 2623 Praiiate
711 2545 861 2644 Patres,
885 2549 987 2651 quod
1007 2548 1093 2628 estis
1104 2544 1295 2648 polliciti,
1318 2563 1453 2626 votum
1476 2545 1644 2638 solvite,
1668 2543 1760 2624 Cle·

412 2690 440 2737 „
466 2642 715 2724 tuentissimus
737 2648 847 2727 Pater
868 2652 975 2729 Deua
997 2650 1069 2743 iarn
1093 2648 1207 2725 nostri
1229 2646 1344 2746 coepit
1364 2647 1555 2744 misereri,
1581 2644 1758 2746 mitigata

410 2791 438 2835 „
463 2741 516 2823 eu
535 2743 815 2846 aliquantulum
836 2746 914 2840 eius
934 2746 1122 2847 justissima
1144 2746 1222 2843 ira,
1248 2773 1325 2827 non
1349 2769 1427 2828 tam
1456 2748 1594 2843 savit,
1619 2766 1661 2825 ut
1692 2746 1760 2825 ali·

411 2891 439 2938 „
464 2862 558 3021 anot
578 2865 668 2929 ante
688 2845 768 2928 dies
780 2848 978 2943 saeviebat,
998 2849 1079 2926 dira
1100 2847 1337 2948 penitentia,
1363 2850 1507 2930 reddite
1528 2850 1632 2953 quod
1653 2846 1759 2930 vovi·

410 2992 438 3038 „
495 2941 550 3041 is,
577 2946 726 3045 Patres,
751 2973 800 3030 ne
821 2949 1049 3045 moremini,
1075 2948 1347 3048 veiirotcoltu,
1374 2948 1761 3049 vestraPoenitentia‚

410 3082 440 3139 ·‚,
465 3045 587 3143 vestro
608 3064 701 3128 voto
726 3102 740 3144 ,
764 3051 825 3152 pia
848 3051 966 3132 vestra
988 3053 1185 3133 voluntate
1205 3052 1412 3132 delectatur
1433 3054 1651 3149 Dominus,
1678 3078 1757 3132 rua·

410 3194 438 3242 „
462 3145 767 3246 gnificentiiiimo
793 3178 857 3237 nes
873 3154 1030 3256 quarite
1051 3154 1243 3252 aedificia,
1269 3155 1432 3235 rotunda
1452 3156 1572 3259 figura
1601 3155 1759 3235 aedifice-

408 3292 438 3343 2,
463 3267 526 3365 tur
547 3248 613 3351 ipsi
635 3253 844 3353 Templum
867 3280 937 3336 nec
960 3282 1031 3356 ne,
1058 3279 1099 3337 ut
1120 3258 1287 3358 opinor,
1312 3280 1392 3336 non
1417 3281 1559 3357 curat,
1595 3254 1757 3340 vestram
1785 3292 1793 3307 ·

410 3397 440 3443 „
464 3350 584 3467 exigit
605 3354 889 3454 obedientiam,
914 3358 1078 3438 vestrum
1101 3358 1177 3461 ipse
1199 3360 1332 3460 probat
1354 3360 1599 3462 obsequium.
1628 3362 1757 3454 Patres,

406 3450 641 3551 „Iesurtam
665 3454 751 3558 quit
777 3483 856 3538 non
877 3471 1000 3543 amet!
1025 3461 1216 3563 Quisnon
1238 3461 1504 3562 magnifaciat,
1523 3463 1665 3541 callent
1688 3464 1760 3541 bo·

405 3596 435 3647 2,
460 3576 527 3669 nar
546 3577 667 3655 artes,
693 3557 850 3661 iugenio
871 3562 908 3641 8(
928 3561 1070 3661 judicio
1091 3561 1270 3664 dictique
1291 3586 1423 3644 eorum
1447 3560 1650 3663 prostanta
1685 3562 1758 3643 mi-

403 3702 434 3748 „
459 3652 616 3736 nastrant
639 3657 1082 3767 diligenterSaudiiffima
1103 3664 1366 3760 Sacramenta,
1393 3660 1567 3745 Eccieiia
1576 3664 1656 3746 Dei
1679 3690 1759 3746 ma·

403 3803 432 3850 „
457 3755 562 3836 xime
587 3761 814 3861 consulunt,
839 3765 923 3867 quir
949 3785 1065 3865 negat
1088 3759 1122 3844 Γ
1136 3765 1222 3867 Ego
1243 3764 1410 3847 maxime
1435 3767 1611 3848 omnium
1639 3769 1678 3846 id
1702 3765 1758 3845 as·

401 3903 430 3953 ‚,
455 3854 587 3938 firmo.
616 3860 742 3944 Patres
762 3889 902 3966 eoaque
925 3865 1358 3968 magnificandosuum,
1384 3870 1446 3950 sed
1467 3871 1559 3951 dum
1582 3871 1629 3951 de
1650 3867 1757 3947 insti·

398 4007 428 4055 ‚,
453 3961 1034 4068 tuendocoiiegiolesuitarum,
1060 3969 1409 4054 dum-aduentionit
1420 3971 1591 4053 tiliorum
1614 3967 1760 4052 uestro-
1885 3976 1888 3980 ’

396 4109 425 4156 „
449 4084 535 4142 rum
557 4063 743 4148 tationem
759 4068 929 4168 habetis,
954 4092 1114 4169 cavete,
1139 4098 1189 4152 ne
1215 4072 1372 4155 tardarit
1396 4075 1543 4159 furere
1568 4076 1672 4180 qued
1691 4070 1756 4154 de·

396 4210 425 4257 ,‚
451 4162 572 4262 beria,
597 4191 647 4248 ne
672 4188 807 4250 votum
831 4171 953 4269 iilud,
979 4175 1080 4275 quod
1103 4175 1369 4256 aconiuentia
1394 4198 1638 4278 peccatorum
1661 4172 1758 4282 riub,

392 4311 427 4360 „
450 4261 743 4388 eiiqeriedium
768 4272 1142 4390 &adtestidcandam
1167 4274 1325 4359 vestram
1340 4279 1612 4364 Poenitentiam
1623 4278 1752 4362 decre-

397 4410 426 4461 „
452 4360 578 4472 nistra,
603 4394 715 4460 novas
734 4370 904 4460 coniitia
926 4376 974 4462 de
995 4378 1087 4463 filiis
1108 4377 1238 4465 restria
1258 4378 1500 4475 instituendis
1520 4380 1718 4571 diffessasurr
1736 4432 1755 4467 a

1182 4498 1188 4515 ¹
1525 4542 1555 4590 „
1572 4491 1612 4573 0
1654 4510 1692 4571 e·
