3892 5342
513 332 578 440 '⁸4
752 329 856 410 Do
914 299 1530 413 Mounsrrnto'

450 479 551 561 Dux
577 478 619 561 in
643 475 828 557 Graeciam
848 476 1079 572 definire,
1104 474 1233 576 ibique
1259 474 1526 583 nonnullasin
1552 477 1674 577 AEgeo
1697 474 1796 557 inari

455 584 630 675 Insulas,
653 600 767 680 etque
794 580 834 657 in
856 575 1105 681 Peloponnesi
1133 579 1267 678 Regno
1295 574 1526 657 Mothonem
1553 582 1687 657 urbem
1713 604 1796 659 ntu-

457 681 674 764 ninsunam
701 683 965 800 expugnasset,
987 678 1027 756 ei
1052 676 1162 771 urbi,
1186 682 1222 757 ἃ
1250 678 1622 780 populiftequentia,
1646 679 1794 759 &cotn-

447 782 600 863 mercio
636 781 842 861 olarishmae
871 784 1034 860 Leonem
1062 778 1077 877 (
1103 779 1209 877 cujus
1245 779 1528 860 sandlimonianr
1566 779 1793 881 perspedlanr

455 883 619 963 habebat
645 882 661 979 )
688 882 913 982 Episcopum
940 879 1104 980 praeponi
1130 881 1308 962 curavit.
1344 883 1595 962 Commissam
1631 879 1704 961 fibi
1726 883 1795 961 Ec·

455 983 604 1066 clessam
632 984 857 1065 venerabilis
884 981 941 1058 vir
969 1006 1034 1082 pet
1061 982 1203 1063 multos
1228 1008 1348 1063 annos
1382 982 1603 1062 sanblissinte
1638 982 1798 1062 admini-

454 1083 621 1181 stravit,
654 1084 775 1164 donec
802 1083 891 1179 jussu
920 1081 1183 1188 Emmanuelis
1208 1085 1451 1187 Imperatoris
1477 1082 1797 1183 Constantinopo

453 1178 609 1288 lirani(
635 1187 701 1289 qui
728 1188 873 1298 summa
908 1182 1061 1283 perfidia
1097 1186 1241 1264 bellurn
1280 1185 1488 1286 proditorie
1520 1184 1696 1265 adversus
1723 1187 1798 1262 Ve-

457 1311 571 1371 netos
608 1307 779 1367 moverat
814 1286 828 1383 )
864 1290 904 1363 t'n
941 1284 1099 1364 vincula
1145 1285 1381 1385 conjeblus,
1427 1285 1634 1366 dutislimas
1669 1300 1802 1389 poenas

457 1391 528 1475 dtu
555 1388 762 1467 sustinuit.
797 1386 834 1464 E
858 1384 1036 1465 manibus
1064 1387 1215 1468 tandem
1242 1390 1463 1469 Graecotum
1490 1389 1579 1467 Deo
1604 1406 1800 1491 protegen·

458 1510 500 1571 te
526 1488 753 1567 mirabiliter
788 1488 933 1586 elapsus
971 1485 1012 1567 in
1039 1487 1198 1587 patriam
1229 1491 1400 1569 reversus
1424 1487 1513 1585 est,
1549 1489 1614 1566 ubi
1643 1489 1795 1591 sub‘pe

462 1590 606 1692 regrini
633 1587 768 1667 ltabiru
794 1587 1053 1686 delitescens,
1087 1590 1438 1693 adsMonasseriunr
1465 1592 1501 1669 S.
1526 1589 1723 1669 Laurentii
1750 1613 1805 1669 re·

454 1691 604 1794 ,gularis
614 1690 699 1769 vita
710 1687 947 1769 observantia
970 1715 1017 1769 eo
1039 1691 1220 1792 temporis
1240 1690 1374 1772 illustri
1395 1693 1432 1770 se
1456 1690 1646 1787 contulit,
1673 1690 1806 1792 ibique

463 1789 853 1884 Sandimooialesmtt
865 1790 904 1870 in
918 1789 1141 1872 Monasterii
1154 1792 1691 1893 famulum,senconversurn(
1700 1791 1807 1908 quod

459 1891 754 1990 ea‘tentpestate
781 1890 820 1969 in
848 1893 913 1970 usu
941 1893 1059 1989 erat)
1092 1893 1355 1995 reciperetur,
1381 1893 1592 1974 humilibus
1617 1895 1803 1993 praecibus

456 1992 653 2075 exotavit.
682 1990 774 2071 Voti
799 2017 955 2094 compos
980 1994 1101 2075 sudus
1123 1996 1360 2077 Venerabilis
1387 1997 1446 2076 vir
1471 2022 1542 2076 nec
1563 1994 1675 2073 avita
1700 1993 1810 2072 nobi·

455 2093 601 2188 litatio,
627 2116 696 2173 nec
722 2092 897 2194 suseeptae
923 2093 1123 2199 dignitatis
1146 2120 1295 2175 memor
1320 2098 1361 2175 in
1388 2096 1528 2176 assiduo
1561 2092 1806 2174 demiliffimae

460 2193 692 2277 humilitatis
718 2193 812 2274 ssatn
850 2197 1018 2293 mundi,
1053 2221 1097 2277 ac
1123 2196 1179 2275 sni
1215 2217 1457 2298 contemptor
1484 2196 1614 2275 hortos
1640 2196 1813 2290 colere,

411 2386 421 2392 ,
452 2293 711 2402 pauperibus,
733 2321 779 2376 ac
806 2296 1016 2397 peregrinis
1026 2297 1261 2394 ministrate,
1285 2324 1328 2379 ac
1349 2297 1524 2377 vilissima
1545 2320 1704 2397 quaque
1724 2320 1808 2376 mu

437 2397 529 2491 ‚nia
555 2395 730 2495 ampledli
759 2396 798 2474 in
825 2396 974 2477 deliciis
1000 2397 1158 2495 habuit,
1183 2398 1369 2502 quidquid
1391 2426 1413 2479 a
1439 2400 1568 2479 labore
1595 2420 1809 2493 manuum,
1929 2438 1930 2493 t

459 2518 573 2597 atque
599 2522 623 2572 a
647 2496 857 2587 domestico
878 2496 1063 2580 famulatu
1097 2500 1285 2602 supererat
1312 2499 1493 2605 temporis
1527 2496 1735 2595 orationi,
1769 2496 1809 2576 δι
1929 2538 1930 2565 t

454 2596 666 2691 celestium
700 2623 828 2679 return
865 2602 1184 2702 contemplationi
1220 2602 1427 2685 tribuens.
1465 2599 1550 2679 Posl
1583 2597 1812 2680 continuata
1871 2698 1873 2703 Α

463 2701 616 2785 tandm
644 2696 832 2781 virtutum
859 2702 1040 2783 exercitia
1065 2703 1176 2785 annis
1201 2703 1368 2804 gravis,
1390 2703 1427 2783 8<
1453 2699 1645 2782 laboribus
1672 2698 1815 2780 stauos

456 2800 731 2902 dumquadam
757 2800 868 2881 nodie
886 2801 1050 2902 genibus
1062 2804 1195 2896 flexis,
1219 2804 1468 2905 manibusque
1495 2805 1541 2881 ad
1552 2802 1712 2883 colum
1738 2821 1814 2902 pro

429 2986 434 2993 ,
461 2900 581 2982 senfis
602 2900 815 2982 ferventius
837 2923 987 3001 oraret,
1012 2903 1255 3005 placidissime
1280 2905 1447 2987 animam
1472 2903 1645 2998 emme,
1667 2900 1817 2983 Pretio

462 3003 541 3084 forn
553 3000 632 3100 ejus
642 3025 832 3099 mortem,
852 3005 1033 3083 traditum
1060 3005 1135 3102 ess,
1163 3031 1228 3108 per
1247 3007 1403 3090 iteratos
1414 3005 1681 3108 aeriscampani
1706 3007 1815 3107 spo-s·

465 3124 511 3182 te
533 3102 700 3184 sonantis
726 3104 824 3184 isius
851 3105 1043 3211 vulgatam
1069 3106 1209 3205 fuisse,
1245 3110 1291 3188 ad
1317 3109 1512 3190 insolitum
1539 3132 1701 3212 quotum
1730 3107 1821 3185 sirer
1882 3172 1889 3185 t

463 3204 593 3306 pirum
618 3203 790 3285 excitate
816 3205 1132 3289 Sandiimoniales
1157 3210 1395 3313 ipsarumque
1414 3211 1601 3304 ministri,
1623 3233 1717 3288 curn
1739 3207 1821 3286 hoe
1864 3186 1901 3255 ‘l

390 3387 396 3393 ,
467 3304 582 3385 nullo
606 3306 834 3408 impellente·
856 3309 1051 3411 contigisse
1076 3313 1374 3412 comperissent,
1406 3314 1459 3396 de
1482 3313 1558 3391 viri
1582 3308 1707 3389 sanni
1733 3308 1815 3388 obi·

468 3425 539 3502 tu,
564 3406 578 3504 s
591 3406 664 3487 hoc
687 3408 794 3487 enim
819 3409 939 3491 titulo*
959 3413 1011 3491 ob
1037 3412 1268 3517 perspesiant
1289 3415 1377 3496 vira
1405 3412 1664 3516 integritatem
1691 3409 1821 3491 adhue
1881 3454 1884 3467 <

467 3507 604 3588 tri-vens
630 3505 925 3611 insigniebatur)
951 3513 1363 3618 dubitare'caepetusrt.
1388 3517 1448 3596 Ad
1468 3512 1664 3616 angustant
1687 3512 1821 3615 itaque

467 3608 608 3688 cellam
633 3633 903 3710 accurrentes,
928 3639 1048 3716 quam
1071 3615 1131 3694 vir
1157 3618 1234 3698 Dei
1257 3620 1315 3700 ob
1338 3616 1552 3697 solitudinis
1577 3640 1747 3697 amorem
1774 3614 1817 3699 iu

469 3731 643 3791 extremo
670 3711 773 3792 horti
798 3740 845 3795 an
902 3717 940 3794 lo
966 3716 1038 3795 sibi
1063 3717 1277 3821 delegerat,
1303 3720 1424 3821 ipsunt
1452 3719 1698 3819 super-genno
1721 3718 1818 3798 stan·

470 3832 552 3911 rens
579 3837 814 3917 ,manuque
881 3817 1016 3897 hedam
1044 3834 1242 3929 tenentem
1266 3822 1496 3903 invenerunt
1523 3874 1536 3915 ,
1572 3843 1687 3919 qoam
1714 3822 1823 3900 nulla

474 3915 703 4031 ¹statquurnui
730 3941 751 3995 e
777 3916 905 4023 digitis
917 3919 1075 3999 educere
1086 3928 1317 4021 potuerunt,
1342 3922 1463 4002 donec
1474 3921 1668 4002 Abbatissa
1688 3922 1821 4002 sanda

393 4058 396 4061 ·
480 4014 705 4129 obedtenuae
718 4022 939 4107 mandatum
966 4019 1230 4123 interponente
1243 4026 1358 4127 ipsam
1387 4026 1521 4125 sponte
1543 4022 1826 4104 emanibueds·

470 4112 603 4212 mtstt,
624 4140 670 4197 ex
696 4142 769 4222 qna
795 4120 874 4199 itiri
899 4145 1040 4202 nomen
1066 4124 1103 4203 de
1130 4126 1298 4228 dignitas-
1320 4125 1550 4228 Episcopalis
1577 4124 1774 4206 innotuit.-

397 4250 407 4259 ·
529 4218 694 4318 Vulgata
722 4219 834 4320 ipsus
861 4244 1023 4321 morte,
1054 4225 1230 4329 frequens
1262 4226 1385 4307 statim
1415 4225 1557 4309 visendi
1591 4229 1740 4325 causa,
1776 4224 1825 4307 ad

439 4359 444 4370 ·
472 4313 758 4439 ,Monalittiutu
794 4323 945 4409 accessit
969 4325 1177 4421 hominum
1212 4330 1467 4430 multitudo,
1497 4328 1564 4436 qni
1588 4330 1828 4448 constantem

1587 4458 1596 4483 ¹
1701 4457 1778 4515 ttrt
1929 4472 1930 4485 a
