3892 5342
409 365 745 450 sineri
804 364 1252 448 sennem.
1379 372 1465 477 287

171 518 262 620 gine
289 511 461 598 decentia
486 513 524 593 la
549 511 714 614 reliquia
739 513 828 593 deli
873 510 1029 592 centius
1061 510 1326 595 contineretur
1350 518 1408 595 Os
1431 516 1528 616 ejus·

171 621 258 700 osso
284 620 321 695 di
347 617 454 696 detto
478 614 619 710 Sanno,
642 616 682 694 8(
703 616 828 695 subito
875 616 964 693 dem
978 612 1127 712 Sanffi,
1148 618 1189 695 dc
1214 637 1308 694 voto
1333 618 1400 694 uix
1419 621 1529 701 emis·

176 720 278 802 sotto
302 720 331 799 il
359 739 453 798 voto
477 716 828 797 incomincidami·
878 716 920 794 do
946 714 1069 894 coe‘fit
1094 718 1407 814 meliushabere,
1430 719 1529 800 udeo

176 821 370 924 glioraee,
394 819 421 896 fi
445 817 519 898 che
545 816 586 897 in
601 842 695 921 capo
705 820 750 898 de
763 818 827 899 dui
876 839 920 896 ut
949 840 997 916 po
1062 816 1224 898 'biduum
1248 818 1411 899 omnino
1433 844 1529 901 con-

173 923 307 1025 giomi
331 920 373 1000 sn
398 919 558 1001 risunata
579 919 644 1000 del
669 940 793 1001 tutto.
877 918 1063 997 valuerit.

232 1020 829 1102 lntorno·=all'anno1618.1ra
918 1018 1058 1098 -Circa
1093 1043 1239 1100 annum
1276 1019 1527 1102 Mncxven.

173 1125 213 1206 de
241 1125 364 1202 enolte¹
390 1121 621 1219 Monache,
651 1124 728 1202 che
764 1123 829 1202 sia·
878 1119 981 1199 inter
1015 1121 1159 1200 multas
1186 1120 1380 1200 Monialec
1413 1148 1530 1223 aegro

174 1250 281 1304 vano
305 1225 469 1304 amalate
481 1224 544 1302 nel
556 1224 653 1303 letto
666 1225 728 1304 nel
743 1225 830 1303 Μο-
878 1241 1005 1301 nantes
1030 1220 1071 1299 in
1097 1222 1274 1323 prndicio
1293 1220 1532 1304 Monasserio

172 1325 340 1407 nasterio
374 1326 548 1426 predetto
580 1325 829 1405 ritrovandosi
878 1345 960 1402 erat
983 1324 1102 1401 Soror
1117 1323 1364 1427 >deieiurocena
1389 1326 1530 1404 morbo

172 1428 278 1508 Suor
306 1425 500 1506 Morosina
536 1426 603 1526 piu
628 1451 830 1528 aggravata
879 1446 955 1539 prae
982 1423 1125 1503 caeteeis
1148 1426 1320 1524 graviori
1334 1425 1558 1524 laborans,¹

175 1529 285 1607 delle
309 1529 427 1622 altre,
457 1533 547 1606 anzi
575 1529 830 1630 taimenteag·
879 1550 1005 1604 immo
1031 1551 1078 1607 eo
1089 1526 1176 1604 loco
1189 1546 1361 1621 reserat,
1384 1551 1428 1604 nt
1444 1526 1534 1607 Me·

175 1648 369 1729 gravata,
403 1626 478 1709 che
515 1632 559 1707 da
588 1629 735 1709 Medici
767 1654 833 1709 era
879 1626 960 1706 dici
985 1626 1032 1703 de
1058 1626 1139 1721 ejue
1166 1628 1386 1729 valetudine
1405 1649 1538 1727 qnam-

175 1730 353 1827 stimate,
375 1731 451 1809 che
476 1728 598 1831 presto
623 1731 744 1832 presto
769 1733 833 1809 do
882 1727 1051 1826 primum
1076 1726 1204 1804 anum
1225 1722 1536 1828 soreproduntia.

173 1831 284 1911 ve'sse
308 1830 476 1926 morire,
503 1832 678 1910 havendo
705 1831 742 1909 di
769 1831 832 1929 gii
881 1825 1316 1927 eent,quendoquiden1
1330 1829 1537 1908 oculorum

176 1932 421 2011 cominciato
447 1957 468 2008 a
494 1933 628 2031 perdet
662 1931 699 2010 sa
736 1932 829 2010 vista
879 1929 981 2008 acies
1007 1931 1186 2029 languere
1199 1950 1388 2028 coeperat,
1411 1930 1451 2008 8<
1472 1931 1539 2009 ob-

172 2052 254 2111 una
286 2032 452 2111 Monaca
480 2033 543 2109 sua
568 2030 784 2111 confidente
807 2033 831 2111 Γ
879 2032 1098 2108 tenebrari.
1128 2031 1241 2109 Tunc
1270 2056 1361 2109 uero
1380 2030 1541 2119 Monia·

177 2131 307 2212 esono
344 2157 366 2209 a
394 2131 562 2226 votarfi,
599 2132 637 2209 &
664 2158 830 2213 raccom-
880 2131 929 2209 lis
955 2132 1125 2231 quedam
1150 2131 1328 2232 singulari
1343 2131 1543 2212 necesiitu.

175 2231 367 2312 mandarfi
390 2231 433 2310 di
458 2246 573 2313 cuore
599 2234 636 2312 al
662 2235 776 2314 detto
790 2236 832 2314 B.
881 2232 1062 2311 dine-illi
1088 2231 1542 2317 devinciaeandemhor·

174 2334 355 2429 Andrea,
381 2331 411 2412 il
438 2331 511 2413 che
538 2333 635 2413 fatto
660 2334 686 2413 si
714 2337 833 2415 eidus·
883 2353 964 2412 tata
991 2335 1067 2428 est,
1093 2357 1136 2411 ut
1164 2359 1258 2413 voto
1282 2357 1472 2437 concepto
1500 2336 1541 2417 se

172 2435 214 2513 se
241 2435 290 2511 ad
328 2459 379 2511 un
407 2434 604 2512 manifesto
641 2437 833 2533 migliora·
881 2457 930 2511 ex
957 2437 1073 2511 coede
1100 2436 1220 2512 Beato
1250 2439 1409 2515 Andreae
1435 2462 1541 2515 com·

175 2554 317 2615 mento
340 2533 380 2613 8<
407 2535 506 2630 tale,
530 2536 604 2613 che
630 2536 659 2614 il
676 2537 833 2618 Medico
883 2537 1103 2613 mendnret.
1126 2537 1249 2636 Quod
1271 2562 1362 2615 cum
1390 2536 1539 2618 fecisset

175 2638 440 2739 supravenuto
459 2637 498 2715 sa
521 2636 833 2739 matineseguen·
883 2636 944 2713 vis
973 2637 1097 2715 morbi
1117 2636 1538 2736 manifessedeserbuit,

174 2758 217 2816 te
244 2738 282 2817 ia
311 2737 424 2817 trovd
450 2763 524 2818 con
546 2738 766 2839 pochissimn
782 2741 833 2820 se·
880 2739 980 2817 adeo
1007 2761 1051 2815 ut
1065 2740 1244 2818 Medicus
1270 2738 1448 2840 postridie
1461 2765 1538 2817 ma·

172 2839 269 2932 bre,
298 2863 320 2917 e
346 2840 392 2919 de
419 2839 449 2918 n
475 2840 674 2921 adulcuni
702 2843 831 2942 giomi
881 2864 931 2919 ne
958 2840 1225 2941 superveniens
1258 2840 1396 2920 sebrim
1423 2840 1464 2917 in
1490 2864 1564 2920 ea·

173 2939 275 3020 resto
302 2939 368 3042 poi
392 2940 456 3023 del
492 2961 597 3023 tutto
622 2942 743 3025 libera
768 2946 831 3027 das
883 2942 951 3019 vix
986 2943 1154 3044 aliquam
1190 2942 1424 3041 invenerit,
1460 2964 1536 3021 nec

173 3042 304 3124 male.
880 3044 1018 3125 multis
1055 3044 1133 3145 post
1170 3045 1302 3124 diebus
1338 3045 1386 3124 ab
1419 3043 1533 3124 omni

809 3156 810 3159 ‘
880 3146 1010 3326 swrbi
1049 3145 1207 3247 vestigio
1238 3147 1388 3249 prorsus
1412 3169 1533 3229 emer·

900 3271 994 3328 ent.
1416 3295 1422 3306 ·

228 3342 342 3425 Neil’
361 3368 465 3426 anno
495 3357 601 3455 1619.
638 3349 703 3429 vel
729 3348 831 3433 circe
878 3372 883 3379 ‘
931 3349 1203 3429 Circaannutn
1218 3348 1530 3428 Mocx1x.Men·

178 3447 248 3526 nel
277 3447 377 3526 mese
400 3446 588 3552 d’Agosio
624 3449 663 3529 in
692 3452 829 3554 giorno
879 3450 917 3528 se
945 3449 1139 3550 Augusto,
1166 3452 1202 3529 8<
1229 3451 1289 3528 die
1319 3445 1530 3526 Dominicu

173 3546 217 3625 di
253 3549 471 3630 Domenica
507 3554 603 3634 Suor
639 3556 753 3633 Anna
787 3556 829 3636 di
876 3553 994 3631 Soror
1031 3554 1144 3630 Anna
1185 3549 1353 3648 ejusdem
1394 3550 1533 3628 Mona·

178 3650 288 3728 detto
311 3650 563 3734 ‘Monasterio
597 3655 743 3735 asseliia
781 3660 827 3739 da
880 3654 980 3734 sserii
1006 3652 1278 3755 comprehensa
1305 3649 1530 3732 sebrivehe'·

177 3751 469 3851 gagliatdiffima
503 3758 643 3855 febre,
676 3758 715 3837 8<
741 3760 828 3840 data
879 3755 1131 3849 mentiffima,
1156 3756 1193 3835 8<
1220 3781 1242 3833 a
1270 3753 1439 3835 Medicis
1464 3753 1528 3831 de-

175 3854 384 3936 daMedici
411 3883 477 3960 per
497 3858 660 3960 speditu,
686 3859 826 3960 poiche
874 3860 1060 3960 sperata,
1101 3858 1283 3962 siquidem
1331 3880 1396 3958 per
1429 3853 1531 3937 duos

174 3951 242 4030 doi
269 3954 359 4035 mesi
384 3960 560 4040 continui
582 3961 825 4064 havevapnr·
879 3955 1530 4060 menseeintegroeeandennsebeim

177 4072 258 4132 tata
294 4056 330 4135 la
356 4059 458 4142 detta
493 4062 597 4143 sebee
624 4088 672 4143 ne
698 4064 738 4141 vi
764 4090 829 4144 era
877 4060 1437 4163 nunqnampoeuitexpellere,
1457 4077 1531 4134 nec

176 4155 294 4236 alcun
319 4156 503 4262 timedio,
530 4192 579 4247 ne
605 4167 756 4268 {campo
775 4168 827 4248 al·
878 4165 1045 4243 remedia
1072 4164 1344 4263 suppetebant,
1369 4183 1440 4238 nec
1467 4181 1531 4232 au·

181 4254 219 4337 ie
244 4258 308 4337 sua
335 4261 415 4344 vite
440 4264 559 4348 fanan
585 4268 828 4351 devotamen·
878 4242 1018 4344 xiiium
1046 4264 1157 4363 vitae,
1180 4287 1271 4344 cum
1298 4262 1437 4340 devote
1463 4257 1533 4337 Be·

180 4374 222 4439 ee
249 4361 403 4468 segnare
438 4392 513 4452 con
539 4371 577 4452 la
601 4371 763 4556 ιοὶἱὲῃιίει
789 4370 830 4455 di
879 4365 1141 4453 nedidiioneen
1178 4362 1367 4469 Reliquiu
1386 4361 1533 4547 Redin

694 4496 779 4559 eno
