3892 5342
533 375 603 466 ‚32-
793 370 1539 465 nauonasmro

471 553 502 635 ς,
528 524 738 613 forinsecus
762 522 939 610 Ecclesia
956 525 1083 645 ‚coepit
1108 528 1309 632 progredi,
1333 528 1371 611 a<
1398 524 1626 633 prospiciens
1650 529 1769 631 hinc,
1792 535 1844 619 dc

472 676 501 735 ·‚‚
530 635 619 714 inde
645 632 858 713 claritatem
886 628 986 723 Solis
1011 630 1130 731 coepit
1157 631 1323 728 intueri,
1348 635 1415 733 qui
1437 632 1571 712 multis
1592 635 1826 736 temporibus

472 792 503 838 „
527 735 627 816 nihil
640 732 767 833 potuit
794 731 946 826 uidere,
971 730 1174 832 denuoque
1199 734 1369 814 reversus
1398 734 1444 813 ad
1455 734 1663 815 Ecclesranr
1690 762 1759 838 pro
1786 738 1826 818 il·

472 891 503 938 „
529 833 728 918 luminatis
754 830 822 913 sni
849 833 972 913 oculis
999 834 1175 914 Domino
1201 835 1319 937 coepit
1344 833 1483 935 gratias
1508 860 1645 936 agere,
1667 837 1736 938 qui
1762 864 1826 938 per

473 993 503 1040 ‚,
528 939 615 1019 suos
640 955 826 1051 martyres
854 955 959 1014 tanta
982 934 1162 1035 dignatus
1187 936 1239 1017 eli
1249 937 1433 1018 beneficia
1445 936 1649 1019 exhibere.
1675 943 1824 1021 Amen.

406 1112 407 1121 .
534 1041 667 1156 Caput
701 1035 831 1117 Sanilr
861 1035 1030 1117 Platonis
1065 1036 1309 1119 celeberrimi
1360 1036 1593 1142 Martyris,
1640 1038 1707 1141 qui
1746 1045 1822 1122 An·

335 1218 350 1243 s
474 1165 576 1241 cyra
601 1165 643 1221 ra
667 1137 821 1220 Galatia
858 1135 940 1239 poll
965 1139 1178 1219 exantlatos
1202 1138 1334 1236 alios,
1369 1162 1482 1241 atque
1517 1140 1612 1221 alios
1637 1142 1824 1223 immanes

473 1240 689 1338 cruciatus,
714 1240 868 1321 tandem
894 1239 1049 1319 abscisio
1074 1239 1198 1345 capite
1223 1266 1386 1343 agonem
1413 1243 1654 1345 complevit.
1691 1246 1738 1323 ln
1764 1269 1825 1323 an·

473 1339 962 1542 nimiruum
984 1341 1106 1544 fn
1128 1343 1826 1545 issum:surum

474 1545 577 1627 fimis
612 1542 895 1646 Hagiographis
931 1499 1161 1649 desummo,
1197 1548 1306 1628 &ad
1331 1548 1475 1629 calcem
1513 1472 1689 1630 lediionis
1715 1549 1825 1627 Vlll.
1917 1546 1918 1568 ³

475 1645 556 1728 haec
581 1645 746 1751 apposita
772 1645 971 1758 leguntur.
997 1645 1089 1741 Ejus
1112 1670 1223 1748 caput
1253 1647 1295 1729 in
1312 1642 1475 1752 Ecclefia
1493 1658 1531 1729 S.
1550 1645 1747 1733 Laurentii
1765 1655 1825 1726 Vc·

471 1746 584 1829 nsciis
603 1773 743 1845 magna
760 1768 1001 1827 venerarrorre
1022 1748 1247 1849 afferuntur.
1917 1850 1918 1853 Ν

524 1849 712 1950 Reliquiae
737 1849 802 1929 SS.
814 1849 1023 1931 Theonesti
1037 1851 1240 1955 Episcopi,
1266 1855 1429 1950 Tabrae‚
1454 1852 1492 1932 8<
1519 1853 1694 1933 Tabrata
1717 1851 1822 1930 Mar-

471 1969 628 2052 tyrum,
654 1951 700 2030 dc
725 1951 864 2052 quibus
888 1950 944 2029 ita
970 1952 1173 2033 Dandulus
1199 1954 1240 2034 io
1266 1957 1469 2038 Chronico
1495 1953 1629 2034 lib.1u.
1649 1978 1729 2052 cap.
1740 1974 1822 2031 x1v.
1917 1970 1918 2005 ³

471 2076 547 2156 par.
564 2053 642 2131 r.“‘
664 2050 904 2133 Theoncsius
929 2077 1019 2133 cum
1046 2054 1203 2155 reliquis
1237 2054 1279 2134 in
1305 2058 1480 2137 Altinum
1509 2057 1642 2136 urbem
1665 2054 1819 2135 venien·

468 2206 497 2256 ,‚
525 2176 580 2235 tes
604 2154 654 2234 ab
679 2152 832 2235 Arianis
855 2153 965 2255 supra
992 2177 1148 2258 pontem
1183 2180 1441 2238 marmoreum
1478 2156 1735 2234 transeuntem
1763 2178 1820 2235 ra·
1917 2157 1918 2177 ¹

344 2356 347 2360 Δ
467 2307 497 2357 ‚‚
521 2280 629 2336 mum
657 2254 787 2335 Sileris
811 2255 993 2337 decollati
1018 2259 1129 2355 sunt,
1153 2283 1317 2363 quorum
1345 2281 1502 2359 corpora
1529 2257 1596 2335 sub
1624 2252 1820 2356 Primoge·
1917 2340 1918 2351 g

466 2408 498 2455 ‚‚
521 2356 591 2437 nio
619 2355 835 2439 Patriarcha
872 2357 1011 2439 Paulus
1046 2358 1253 2461 Episcopus
1290 2360 1331 2440 in
1360 2357 1586 2449 ,Torcellum
1622 2357 1817 2457 deduxit5
1916 2370 1918 2467 l

464 2506 494 2558 ‚,
519 2456 580 2538 sed
606 2457 732 2559 aliqua
759 2485 841 2560 para
867 2458 909 2538 in
930 2460 1167 2542 Monalierio
1192 2463 1228 2540 S.
1249 2459 1446 2543 Laurentii
1469 2456 1652 2538 Dioccesrs
1672 2456 1816 2537 Callel-
1917 2476 1918 2549 ἵ

462 2611 493 2658 ,,
518 2560 621 2641 lana
635 2584 739 2645 nunc
755 2559 980 2663 requiescit.
999 2650 1001 2653 ,

518 2660 677 2763 Digitus
696 2686 809 2743 carne
830 2661 953 2744 idhuc
974 2660 1167 2763 superstite
1194 2663 1229 2743 S.
1253 2661 1447 2744 Athanasii
1477 2658 1728 2741 Alexandrini
1750 2657 1814 2736 Pa·

401 2820 408 2833 1
465 2761 664 2860 essaitha,
688 2762 736 2843 de
761 2788 840 2864 quo
860 2761 902 2841 in
925 2766 1173 2844 translatione
1196 2763 1307 2865 ipfius
1329 2760 1561 2875 &Dosioris
1580 2760 1718 2873 Qperis
1745 2760 1814 2839 hu·

465 2864 523 2962 jus
544 2865 660 2943 Tum.
677 2892 707 2944 s.
727 2888 809 2967 pag.
823 2893 881 2963 24.
901 2864 1046 2946 dicrum
1072 2864 1148 2962 esi,
1176 2867 1222 2943 ab
1245 2865 1396 2968 antiquo
1410 2865 1562 2965 servaro
1591 2890 1633 2941 tn
1651 2854 1814 2962 Ecclefi'a
1917 2884 1918 2889 ‘

464 2972 503 3043 S.
513 2963 707 3044 Laurentii
725 2963 902 3046 toneris.
1651 3046 1658 3059 ,

517 3067 573 3144 Os
598 3066 634 3145 S.
656 3065 843 3148 Florentii
870 3064 1047 3170 Episcopi
1074 3066 1328 3165 Confessum,
1354 3068 1503 3170 dequo
1529 3084 1645 3167 agunt
1672 3055 1818 3144 Sandi-

465 3165 654 3249 moniales
678 3168 850 3249 officium
877 3171 946 3249 sub
973 3170 1051 3249 ritu
1076 3169 1221 3271 duplici
1247 3169 1294 3250 de
1319 3169 1536 3250 Communi
1563 3166 1624 3248 die
1647 3193 1704 3267 23.
1733 3166 1816 3268 Jau.

516 3268 646 3371 caput
671 3271 707 3350 S.
729 3270 911 3352 Cordulae
938 3270 1045 3373 Virg.
1073 3273 1191 3353 Mart.
1218 3295 1266 3350 ex
1300 3272 1411 3354 sociis
1438 3272 1474 3350 S.
1496 3271 1673 3366 Ursule,
1705 3265 1815 3366 cujus

368 3424 372 3435 «
468 3366 602 3450 sellum
629 3372 770 3489 duplex
797 3374 931 3454 colunt
952 3398 1050 3490 cum⁴
1065 3374 1113 3453 V.
1136 3373 1318 3454 Lesiione
1341 3373 1491 3490 propria
1511 3370 1753 3469 hujusmodi.

339 3622 342 3629 .
464 3625 494 3672 ,,
515 3473 701 3655 iiiiii
725 3474 1128 3674 luisslullsl
1150 3472 1684 3678 llsgs'sslslllnirit
1700 3467 1815 3653 liii

465 3727 495 3772 „
519 3673 642 3789 fuisset
668 3675 867 3776 perterrita
891 3676 934 3757 in
961 3701 1077 3760 unam
1105 3678 1262 3761 navium
1302 3704 1366 3781 per
1391 3677 1543 3758 nossem
1580 3676 1619 3757 se
1643 3673 1811 3788 occulta·

464 3826 493 3871 ,‚
519 3791 597 3855 vrt.
623 3776 696 3856 Sed
718 3800 854 3874 mane,
877 3776 967 3858 sodli
989 3780 1178 3883 potnitens
1198 3782 1237 3864 se
1257 3778 1588 3883 ultropatesacit,
1613 3805 1657 3860 ac
1685 3768 1811 3858 novrs·

462 3925 492 3973 3,
517 3872 609 3955 sima
632 3876 809 3958 omnium
836 3877 986 3962 fortiter
1012 3884 1240 3985 martyrium
1267 3883 1538 3965 consumavit.
1574 3882 1670 3978 Ejus
1694 3894 1809 3979 caput

464 4026 494 4074 2,
520 3977 696 4158 isseretio
731 3978 775 4062 in
799 3980 967 4066 Ecclesra
1002 3983 1128 4067 Stadii
1152 3984 1353 4069 Laurentii
1387 4008 1526 4087 magna
1561 3982 1810 4064 ueneratione

514 4102 536 4156 a
587 4103 604 4160 r
671 4106 737 4162 u.

426 4237 434 4244 -
461 4126 489 4177 ”
511 4100 796 4303 Uduiaiadfum
822 4185 899 4270 lroc
923 4208 1038 4293 caput
1062 4188 1279 4292 acceperint
1300 4188 1609 4293 incompertum,
1632 4211 1723 4268 cum
1746 4202 1806 4259 ve·
1874 4222 1875 4225 κ

462 4303 508 4360 ro
533 4281 646 4379 husus
667 4285 781 4372 Drvae
800 4310 914 4394 caput
934 4290 977 4375 irt
997 4290 1170 4395 pluribus
1188 4291 1363 4374 Ecclesris
1382 4293 1624 4386 Venetae‚'&
1648 4280 1803 4369 Torcel-

458 4379 555 4468 lauae
574 4386 758 4477 Dioecefis
775 4394 973 4482 excultum
994 4395 1136 4495 sciam,
1160 4393 1201 4475 in
1222 4393 1391 4481 Ecclesia
1408 4396 1514 4481 eninr
1536 4395 1579 4476 Β.
1601 4394 1730 4578 MMV.
1756 4383 1803 4464 de

964 4548 974 4573 t
1691 4518 1756 4576 on·
