3892 5342
941 397 1116 490 ”88
1371 380 2949 488 ‘Dr-:Mww’iis‘r'ntitb

902 542 943 557 ”
979 607 1032 656 „
1083 547 1271 656 Quo
1321 549 1584 656 spiritu
1637 544 1690 649 ,'
1734 551 1809 631 8<
1857 546 2061 648 [zelo'
2127 549 2384 631 salutis
2440 552 2890 646 Animarum
2965 540 3391 647 injunaum
3451 542 3580 637 fibi

880 712 936 756 „
992 655 1496 736 ministerium
1520 655 1844 755 Ioannes
1894 652 2342 754 susceperit,
2377 654 2466 732 ·8c
2518 654 3096 747 administrarit,
3138 654 3311 732 satis
3364 655 3580 737 elice·

881 815 937 856 „
988 783 1069 838 re
1121 759 1311 837 libet
1365 778 1461 837 ex
1513 755 1633 834 his
1687 781 1848 871 quae
1893 809 1921 851 ,
1996 780 2153 838 non
2204 752 2335 831 diu
2389 755 2547 854 post
2585 811 2614 853 ,
2667 754 3109 856 pestilentiae
3162 776 3502 855 tempore
3549 813 3575 855 ,

883 914 938 959 „
987 858 1186 960 egit.
1241 861 1473 939 Anno
1525 879 1810 936 etenim
1879 863 2085 958 1348.
2139 853 2285 954 (4)
2338 856 2549 936 Cum
2606 877 2851 937 totam
2905 856 3058 937 fere
3098 857 3401 935 Italiam
3457 857 3574 936 de-

882 1014 940 1061 „
990 959 1474 1062 popularetur
1529 956 1909 1036 saeviffima
1964 959 2172 1053 lues,
2222 982 2310 1036 ac
2362 956 2732 1061 praecipue
2759 957 3166 1053 VenetiaS,
3222 959 3357 1038 ubi
3397 981 3578 1038 non·

885 1116 939 1160 „
991 1063 1172 1139 dum
1222 1058 1695 1239 purgationis
1751 1058 1915 1138 loca
1969 1075 2183 1137 erant
2235 1057 2688 1158 constituta,
2739 1060 2767 1158 (
2796 1060 2888 1159 5)
2943 1062 3016 1140 8<
3069 1060 3405 1160 compita
3459 1083 3578 1139 ur·

881 1217 940 1262 „
993 1160 1107 1241 bis
1160 1160 1213 1238 il
1252 1162 1368 1240 ius
1419 1161 1678 1239 omnia
1706 1180 2183 1261 mortuorum
2222 1161 2725 1241 'cadaveribus
2749 1160 2964 1241 strata
3014 1164 3571 1258 cernebantur,

882 1315 939 1363 „
989 1262 1319 1364 jussuque
1373 1259 1787 1362 PrincipiS,
1836 1279 2192 1363 quattuor
2245 1261 2325 1341 in
2381 1263 2611 1360 loca,
2666 1265 2793 1353 seu,
2842 1260 3295 1343 Caemeteri'a
3353 1260 3572 1342 infer·

884 1417 942 1464 „
990 1366 1396 1460 rebantur,
1449 1363 1530 1441 in
1587 1362 1858 1441 Infulis
1898 1362 2257 1443 videlicet
2310 1365 2380 1442 S.
2403 1364 2720 1462 Georgii
2774 1365 2855 1442 in
2909 1365 3149 1466 Alga,
3202 1363 3346 1464 (6)
3404 1366 3579 1443 San·

885 1519 940 1565 „
990 1457 1094 1544 (sti
1152 1465 1397 1544 Marci
1425 1463 1602 1543 Oris
1654 1464 1870 1542 lama:
1931 1463 2090 1561 (7)·
2124 1488 2567 1566 nuncupatae
2623 1467 2878 1570 (nunc
2933 1488 3187 1545 autem
3244 1466 3574 1545 submer-

885 1620 940 1665 „
991 1566 1129 1665 sae)
1182 1567 1250 1644 S.
1311 1565 1586 1645 Felicis
1637 1566 1734 1644 de
1785 1565 2042 1662 mani,
2094 1565 2236 1667 (8)
2290 1592 2374 1647 ae
2428 1568 2499 1645 S.
2551 1566 2896 1661 Erasmi3
2950 1567 3126 1646 Pius
3152 1566 3575 1663 Plebanu3‚

885 1722 939 1765 „
995 1663 1153 1769 post
1204 1666 1522 1769 praestita
1575 1664 1968 1746 morituris
2020 1664 2271 1748 officia
2312 1723 2339 1763 ,
2392 1668 2466 1747 8<
2518 1670 2994 1749 Sacramenta
3031 1722 3058 1763 ,
3111 1690 3456 1747 mortuos
3507 1693 3578 1747 e·
3635 1693 3682 1702 ’-

881 1821 937 1867 „
991 1767 1176 1848 tiam
1220 1771 1311 1847 ad
1334 1767 1839 1862 Caemeteria,
1889 1768 2245 1847 Orationi
2299 1769 2586 1869 semper
2640 1771 2978 1850 intentus
3013 1769 3580 1848 ‘comi-tabatur:

879 1923 935 1970 „
987 1868 1258 1950 deinde
1312 1871 1382 1948 S.
1437 1868 1849 1950 Sebastiani
1899 1868 2309 1950 Ecclefiam
2351 1925 2379 1967 ,
2425 1870 2637 1952 fitam
2692 1872 2775 1952 in
2830 1871 3076 1952 Insula
3125 1873 3195 1949 S.
3250 1872 3579 1963 Lauren-

881 2023 936 2068 „
992 1969 1134 2066 tii,
1187 1971 1591 2070 ingreffus‚
1644 1971 1801 2072 pias
1854 1994 1988 2071 pro
2041 1990 2156 2050 tot
2211 1973 2750 2073 languentibus
2802 1999 3071 2077 praeces
3122 1966 3172 2070 ,'
3223 1970 3572 2071 ingenito

875 2125 933 2170 „
984 2070 1230 2152 cordis
1302 2070 1594 2151 fervore
1644 2125 1673 2170 ,
1742 2072 1836 2150 ad
1889 2070 2444 2153 misericordem
2524 2076 2782 2154 Deum
2842 2073 3274 2151 effundebat
3328 2128 3348 2149 .
3429 2070 3576 2152 Per

875 2225 931 2272 „
984 2167 1450 2269 triennium,
1496 2172 1533 2274 ⁶(
1557 2171 1649 2273 9)
1701 2197 1854 2274 quo
1909 2173 2069 2252 lues
2122 2176 2609 2275 perduravit,
2663 2175 2864 2301 hisce
2916 2171 3340 2252 charitatis
3392 2225 3422 2268 ,
3495 2172 3576 2250 &

871 2327 933 2373 „
984 2272 1511 2354 misericordiae
1553 2273 1936 2355 exercitiis
1977 2275 2709 2379 incubuitJoannes.
2762 2275 3065 2352 Ceffato
3088 2291 3340 2352 autem
3369 2295 3573 2353 mor-

871 2427 928 2472 „
984 2375 1129 2472 bo,
1182 2375 1401 2454 enixe
1455 2372 1884 2456 Dominum
1940 2399 2301 2477 praecatus
2341 2433 2369 2475 ,
2444 2399 2527 2456 ut
2551 2371 2663 2454 ‘in
2704 2374 3129 2476 ‘praemium
3187 2393 3318 2452 tot·
3355 2373 3566 2453 labo-

867 2528 926 2574 „
977 2500 1145 2554 rum
1200 2531 1227 2574 ,
1279 2477 1351 2556 se
1402 2502 1444 2554 e
1497 2477 1828 2579 corporis
1880 2479 2250 2579 ergastulo
2288 2534 2317 2576 ,
2386 2504 2471 2556 ac
2527 2475 2747 2575 hujus
2803 2476 2976 2556 vitae
3048 2473 3366 2553 miseriis
3407 2474 3565 2552 eri·

867 2628 926 2674 „
976 2601 1147 2678 pere
1201 2576 1682 2678 dignaretur,
1737 2582 1896 2661 voti
1954 2607 2263 2682 compos
2316 2575 2597 2674 faetus,
2650 2578 2875 2680 paulo
2929 2576 3134 2678 post,
3188 2573 3379 2678 (ιο)
3436 2577 3563 2654 ad-

867 2732 922 2778 „
975 2675 1339 2758 stantibus
1391 2679 1523 2760 fibi
1546 2681 1992 2761 chariffimis
2040 2680 2348 2774 amicis,
2402 2680 2849 2759 testamento
2904 2678 3341 2773 mandavi'r,
3394 2701 3559 2757 cor-

870 2833 924 2876 „
977 2805 1112 2879 pus
1167 2784 1381 2859 suum
1436 2786 1969 2864 tumulandum
2046 2783 2126 2863 in
2181 2783 2640 2874 Caemeterio
2691 2783 2763 2862 S.
2819 2779 3221 2863 Sebastiani
3298 2778 3379 2856 in
3435 2780 3557 2857 In-

866 2933 920 2977 „
974 2880 1130 2959 sula
1181 2883 1251 2959 S.
1307 2883 1695 2963 Laurentii
1740 2940 1765 2981 ,
1835 2884 1920 2965 ac
1976 2883 2243 2962 deinde
2308 2884 2644 2962 animam
2698 2883 3054 2962 Creatori
3130 2882 3260 2959 suo
3315 2879 3546 2981 pl-aci-

864 3033 923 3078 „
973 2980 1063 3059 de
1116 2980 1439 3064 reddidit
1481 3044 1500 3064 .
1577 2985 1772 3086 (11)
1829 2989 2057 3063 Anno
2131 3004 2311 3061 vero
2375 3013 2582 3087 1393.
2634 2986 2835 3085 (η)
2888 2986 3196 3062 Sacrum
3274 2984 3549 3081 pignus

865 3135 921 3179 ,‚
971 3103 1347 3184 repertum
1403 3086 1546 3166 fuit
1597 3142 1623 3183 ,
1678 3086 1811 3165 sub
1862 3083 2264 3185 regimine'
2308 3087 2616 3188 Joannae
2669 3086 2845 3165 Zini
2903 3087 3094 3187 (13)
3150 3078 3553 3170 Abbatiffoe

868 3238 920 3278 „
976 3183 1040 3258 S.
1100 3186 1476 3266 Laurentii
1529 3246 1549 3282 ,
1605 3189 1802 3286 quod
1861 3185 3092 3286 punit-1113·coruscans‘zmiraculis
3149 3186 3247 3263 in‘
3286 3183 3555 3264 Eccle-

868 3338 916 3378 Ἦ.
976 3286 1068 3362 fia
1124 3294 1476 3366 exteriori
1561 3290 1873 3386 publica:
1933 3290 2407 3369 venerationi
2477 3290 2897 3392 expofitum
2958 3287 3103 3367 fuit
3156 3346 3175 3365 .
3248 3286 3395 3367 Sed
3452 3284 3602 3382 iu·-

864 3442 912 3478 ῃ
972 3390 1192 3470 bento
1272 3394 1653 3470 Leon-ardo
1713 3390 2107 3490 Deipiiinn
2180 3391 3040 3493 Episcopo·Castellano
3115 3388 3292 3467 inde
3346 3387 3548 3466 abla-

860 3542 912 3582 „
968 3510 1128 3566 tum
1192 3494 1268 3570 in
1328 3494 1765 3570 interiorem
1821 3492 2174 3570 Caenohii
2226 3494 2635 3574 Ecclefiam
2690 3493 3025 3575 delatum
3082 3490 3289 3589 fuit„
3346 3492 3547 3569 Inte·

860 3642 912 3686 ῃ
970 3594 1108 3666 rim
1168 3594 1505 3670 consulta
1561 3594 1745 3670 Sede
1777 3598 2257 3694 apostolica,
2308 3595 2694 3697 delegatus
2745 3596 3026 3690 causae,
3079 3595 3176 3672 ab
3227 3618 3316 3672 ea
3369 3615 3545 3671 con·

856 3742 908 3786 n
964 3694 1260 3770 stitutus
1312 3698 1412 3770 est
1472 3698 1901 3774 Francit‘cus
1957 3698 2291 3793 Ena-mbo,
2342 3695 2524 3778 tunc
2578 3700 2648 3777 S.
2708 3696 2958 3775 Marci
3017 3692 3543 3774 Primiceriust

838 3846 908 3897 x„
960 3798 1088 3894 qui
1168 3822 1364 3874 annuo
1432 3826 1637 3894 1397·
1693 3798 1885 3894 (14)
1949 3797 2340 3894 Delphino
2412 3799 2505 3878 ad
2563 3796 3551 3888 partriarcharum-Graden-

856 3950 908 3986 Ἦ
964 3898 1112 3974 sem
1168 3898 1366 3970 elato
1424 3894 1765 3974 suffr-:fiius
1809 3954 1833 3994 ,
1909 3898 1981 4004 δ(
2041 3899 2351 4001 sumptis
2415 3899 2732 4000 juridice
2786 3898 3458 3997 informationibus
3507 3944 3538 3987 ‚

852 4050 904 4090 ³:
960 3998 1260 4110 tandem
1316 4022 1356 4070 a
1412 3998 1801 4078 Bonifacir]
1861 4002 1987 4078 IX.
2065 4001 2400 4082 obtinuit
2451 4002 2486 4100 (
2513 4032 2542 4081 1
2561 4008 2652 4103 ς)
2709 4000 3076 4101 D'ipioma
3148 3993 3538 4078 Beatifica-

852 4150 908 4190 :a
960 4098 1244 4170 mnis:
1304 4122 1384 4178 ut
1440 4122 1737 4202 apparet
1797 4126 1885 4178 ex
1945 4106 2162 4182 Bulla
2214 4103 2544 4202 ejusdem
2600 4105 2990 4183 Pontificis
3063 4129 3267 4182 anno
3329 4122 3539 4197 1400.

852 4250 904 4290 π
952 4218 1092 4306 flua
1152 4198 1420 4294 Ioanni
1476 4206 2093 4302 venerationem,
2149 4205 2220 4284 8<
2271 4203 2575 4294 cultutn'
2624 4205 3209 4307 impertitus'est
3253 4260 3271 4281 .
3326 4202 3537 4278 Hinc

856 4346 904 4390 a:
956 4318 1036 4374 ln
1092 4298 1501 4386 Ecclefiam
1557 4310 1630 4386 S.
1685 4310 2073 4390 Laurentii
2125 4307 2460 4391 delatum
2504 4360 2532 4408 ,
2599 4306 2736 4389 sub
2773 4307 3054 4396 Altare
3109 4301 3536 4387 honorifice

941 4491 1007 4538 ‘a‘
1071 4467 1119 4531 ..¹
2017 4433 2102 4454 ‘⁹'
2479 4444 2487 4453 ’
2744 4431 2830 4460 ”“
3057 4445 3066 4458 ’
3143 4459 3200 4511 3,
3252 4432 3494 4545 con-x

1021 4544 1085 4563 ..o
1178 4522 1230 4567 (ζ’
