3892 5342
531 2190 2924 2386 MONASTERIO

323 2501 1350 2703 SANCTI
1537 2504 3107 2642 LAURENTII

922 2781 1063 2929 M
1180 2792 1271 2887 A
1383 2787 1476 2892 R
1586 2784 1695 2890 T
1809 2787 1891 2893 Y
2005 2782 2096 2891 R
2211 2769 2668 2909 1·-S.'

663 3184 1004 3285 ptoribus
1053 3239 1080 3279 ,
1151 3188 1354 3287 quod
1407 3187 1591 3263 dum
1647 3207 1937 3262 remota
1990 3182 2396 3264 illustrium
2454 3187 2797 3272 locorum
2852 3207 3063 3265 exor-

661 3285 784 3363 dia
836 3284 1214 3380 afferunt,
1258 3288 1447 3364 adeo
1498 3311 1675 3363 vera
1729 3285 1967 3382 salsus,
2018 3308 2223 3365 certa
2264 3286 3063 3382 dubiisimmisceant‚

661 3405 749 3465 ut
799 3411 976 3466 cum
1051 3385 1133 3462 in
1185 3412 1447 3465 eorum
1501 3387 1918 3466 Chronicis
1971 3388 2229 3487 paffim
2304 3387 2693 3467 mendacia
2763 3387 3064 3466 innote-

659 3488 914 3582 scant,
964 3489 1057 3568 de
1109 3489 1395 3568 caeteris
1445 3487 1749 3589 quoque
1803 3490 2085 3566 merito
2138 3487 2226 3566 fit
2267 3488 2853 3588 ambigendum.
2906 3488 3067 3566 An·

362 3585 610 3669 t‘eaRo
682 3590 954 3669 saeculo
1023 3589 1383 3669 Paulinus
1455 3593 1801 3669 Flamma
1853 3616 1895 3667 e
1943 3587 2520 3668 Cruciferorum
2563 3587 2865 3667 Ordine
2936 3609 3068 3664 ve-

361 3713 576 3788 ram,
628 3711 713 3771 ut
768 3690 918 3793 ipse
971 3691 1387 3793 gloriatur,
1437 3693 1812 3792 originem
1869 3689 2373 3770 Ecclefiarum
2430 3689 2658 3769 Divis
2696 3685 3060 3788 Martyri-

358 3790 505 3871 bus
556 3793 1016 3890 Laurentio,
1067 3791 1595 3872 &Sebastiano
1647 3791 2062 3872 erefi'tarum
2118 3792 2486 3892 protulit,
2536 3793 2660 3869 sed
2713 3809 2921 3870 tanta
2947 3813 3061 3868 te·

360 3915 534 3970 r-um
586 3893 932 3991 adjunfla
986 3894 1486 3996 interposuit,
1538 3916 1625 3972 ut
1675 3921 1851 3974 cum
1909 3893 2259 3993 plurimis
2311 3892 2659 3974 refertam
2715 3890 2855 3970 effe
2906 3887 3067 3968 ani·
3136 3940 3143 3949 -

361 3989 569 4072 libus
618 3995 892 4076 sabuli-s
937 3997 1338 4086 manifesto
1390 3996 1676 4077 constet
1721 4052 1749 4093 ,
1820 3997 2085 4075 utilius
2136 3994 2224 4075 fit
2278 3993 2786 4073 narrationem
2846 3992 3065 4104 illata

359 4115 461 4171 ex
512 4091 807 4198 integro
860 4100 1250 4200 repudiare
1292 4154 1320 4196 ‚
1391 4124 1620 4200 quam
1675 4099 1765 4177 ad
1823 4098 2188 4176 trutinam
2262 4119 2618 4172 revocare
2659 4149 2687 4189 ,
2757 4090 3069 4195 expedit

359 4193 572 4284 enim
608 4250 635 4294 ‚
686 4218 770 4276 ut
821 4199 1394 4279 clariffimorum
1451 4200 1790 4279 virorum
1846 4200 2194 4295 exempla
2247 4198 2745 4294 comprobant
2786 4248 2813 4287 ,
2883 4211 3067 4290 pau·

362 4295 570 4377 ciora
622 4322 665 4375 a
719 4302 1048 4399 probatis
1101 4297 1661 4403 Seritam-ibus,
1712 4301 2090 4401 certisque
2145 4295 2623 4376 documentis
2674 4294 2986 4392 seligere
3033 4341 3068 4386 ,

360 4423 586 4499 quam
640 4404 1106 4489 cumulatam
1161 4403 1310 4488 fine
1360 4402 1656 4488 delestis
1709 4401 1964 4486 tetum
2016 4400 2305 4482 molem
2328 4420 2783 4500 congerere,
2832 4392 2929 4508 δι’
2959 4390 3067 4472 le-

557 4509 770 4583 Tom.
819 4511 950 4586 XI.
2178 4500 2245 4580 F
2744 4492 2969 4577 &ort-

103 3187 174 3248 β
371 3083 799 3471 SAEpe
851 3079 1112 3183 saepius
1162 3079 1610 3183 conquestus
1662 3082 1823 3160 sum
1878 3082 1973 3162 de
2023 3079 2507 3184 antiquarum
2562 3107 2815 3164 rerum
2862 3082 3063 3165 Scri·
